@article{Ahlman1933,
	author={Ahlman, Erik},
	year={1933},
	title={Adverbeista},
	journal={Viritt\"aj\"a} 
	volume={37},
	pages={}
	}

@incollection{Ameka2006,
	author={Ameka, Felix K.},
	year={2006},
	title={Real descriptions: reflections on native speaker and non-native speaker descriptions of a language},
	crossref={AmekaEtAlEd2006},
	pages={69-112}
}

@incollection{AmekaEtAlEd2006,
	author={Ameka, Felix and Alan Dench and Nicholas Evans}
	year={2006},
	title={Catching language: the standing challenge of grammar writing},
	address={Berlin/New York}
	publisher={Mouton de Gruyter}
}

@incollection{Anderson1985a,
	author={Anderson, Stephen},
	year={1985a},
	title={Typological distinctions in word formation},
	}

@incollection{Anderson1985b,
	author={Anderson, Stephen},
	year={1985b},
	title={Inflectional morphology},
	crossref={Shopen1985III}, 
	volume={3},
	pages={}
	}

@incollection{Anderson1985,
	author={Anderson, Stephen and Edward Keenan},
	year={1985},
	title={Deixis},
	crossref={Shopen1985II}, 
	volume={2}
	}

@incollection{Andrews2007a,
	author={Andrews, Avery},
	year={2007},
	title={The major functions of the noun phrase},
	crossref={Shopen1985I}
	}

@incollection{Andrews2007b,
	author={Andrews, Avery},
	year={2007b},
	title={Relative clauses},
	crossref={Shopen1985II}, 
	volume={2}
	}

@book{Baak1995,
	author={Baak, Connie, Mary Bakker and Dick van der Meij},
	year={1995},
	title={Tales from a concave world: Liber amicorum Bert Voorhoeve},
	address={Leiden},
	publisher={Projects Division, Department of Languages and Culture of Asia and Oceania, Leiden University},
	pages={83-122}
}

@book{Bauer1983,
	author={Bauer, Laurie},
	year={1983},
	title={{English word-formation}},
	address={Cambridge}
	publisher={Cambridge University Press}
}

@article{Berghall2006,
	author={Bergh\"all, Liisa (=J\"arvinen, Liisa)},
	year={2006},
	title={Negation in Mauwake, a Papuan language},
	editor={Mickael Suominen, Antti Arppe, Anu Airola, Orvokki Hein\"am\"aki, Matti Miestamo, Urho M\"a\"att\"a, Jussi Niemi, Kari Pitk\"anen and Kaius Sinnem\"aki}
	booktitle={A man of measure: Festschrift in honour of Fred Karlsson on his 60th birthday.} {Special supplement to SKY Journal of Linguistics}, 
	volume={19}
	}

@book{Berlin1969,
	author={Berlin, Brent and Paul Kay},
	year={1969},
	title={{Basic color terms: their universality and evolution}},
	address={Berkeley and Los Angeles}
	publisher={University of California Press}
}

@book{Bloomfield1935,
	author={Bloomfield, Leonard},
	year={1935},
	title={Language},
	address={New York}
	publisher={H. Holt \& Co}
}

@book{Brumm1995,
	author={Brumm, Geoffrey and Frank Mihalic SVD},
	year={1995},
	title={Sent by the Word: 100 years of service by Divine Word missionaries and sisters Servants of the Holy Spirit on mainland New Guinea},
	address={Wewak}
	publisher={Wirui Press}
}

@book{Bugenhagen1995,
	author={Bugenhagen, Robert},
	year={1995},
	title={A grammar of Mangap-Mbula: an Austronesian language of Papua New Guinea},
	series={Pacific Linguistics}, 
	number={C-101},
	address={Canberra}
	publisher={Australian National University}
}

@book{Bunn1974,
	author={Bunn, Gordon},
	year={1974},
	title={Golin grammar},
	series={Workpapers in Papua New Guinea Linguistics},
	number={5}
	}

@book{Bybee1985,
	author={Bybee, Joan},
	year={1985},
	title={Morphology: a study of the relation between meaning and form},
	address={Amsterdam},
	publisher={John Benjamins}
}

@incollection{Bybee2001,
	author={Bybee, Joan},
	year={2001},
	title={Main clauses are innovative, subordinate clauses are conservative},
	crossref={BybeeEtAlEd2001},
	pages={1-17}
}

@book{BybeeEtAlEd2001,
	editor={Bybee, Joan and Michael Noonan},
	year={2001},
	title={Complex sentences in grammar and discourse. Essays in honor of Sandra Thompson},
	address={Amsterdam/Philadelphia}
	publisher={John Benjamins}
}

@article{Capell1952,
	author={Capell, A.},
	year={1952},
	title={Languages of Bogia District, New Guinea},
	journal={Oceania},
	number={22},
	volume={2},
	pages={}
	}

@book{Capell1969,
	author={Capell, A.},
	year={1969},
	title={A survey of New Guinea languages},
	address={Sydney},
	publisher={Sydney University Press}
}

@incollection{Chafe1976,
	author={Chafe, Wallace},
	year={1976},
	title={Givenness, contrastiveness, definiteness, subjects, topics, and point of view},
	crossref={LiEd1976},
	pages={25-55}
}.

@book{Comrie1976,
	author={Comrie, Bernard},
	year={1976},
	title={Aspect},
	address={Cambridge},
	publisher={Cambridge University Press}
}

@book{Comrie1981,
	author={Comrie, Bernard},
	year={1981},
	title={Language universals and linguistic typology},
	address={Oxford},
	publisher={Basil Blackwell}
}

@book{Comrie1983,
	author={Comrie, Bernard},
	year={1983},
	title={Switch-reference in Huichol: a typological study},
	crossref={HaimanEtAlEd1983},
	pages={17-37}
}. 

@book{Comrie1985,
	author={Comrie, Bernard},
	year={1985},
	title={Tense},
	address={Cambridge},
	publisher={Cambridge University Press}
}

@incollection{Comrie1995,
	author={Comrie, Bernard and Kaoru Horie},
	year={1995},
	title={Complement clauses versus relative clauses: some Khmer evidence},
	editor={Werner Abraham and Talmy Giv\'on and Sandra Thompson},
	booktitle={Discourse grammar and typology. Papers in honour of John W. M. Verhaar},
	address={Amsterdam/Philadelphia},
	publisher={John Benjamins}
}

@incollection{Comrie2007,
	author={Comrie, Bernard and Sandra Thompson},
	year={2007},
	title={Lexical nominalization},
	crossref={Shopen2007III}, 
	volume={3}
	}

@incollection{Cristofaro2006,
	author={Cristofaro, Sonia},
	year={2006},
	title={The organization of reference grammars: a typologist user's point of view},
	crossref={AmekaEtAlEd2006}
	pages={137-170}
}.

@book{Croft1991,
	author={Croft, William},
	year={1991},
	title={{Syntactic categories and grammatical relations}},
	address={Chicago},
	publisher={University of Chicago Press}
}

@book{Crowley2002,
	author={Crowley, Terry},
	year={2002},
	title={Serial verbs in Oceanic: a descriptive typology},
	address={New York},
	publisher={Oxford University Press}
}

@article{Crystal1967,
	author={Crystal, David},
	year={1967},
	title={Word classes in English},
	journal={Lingua} ,
	volume={17}
	pages={}
	}

@book{Crystal1980,
	author={Crystal, David},
	year={[1980]1997},
	title={A dictionary of linguistics and phonetics},
	edition={4},	
	address={Oxford},
	publisher={Basil Blackwell}
}

@book{Davies1999,
	author={Davies, Hugh},
	year={1999},
	title={Tsunami PNG 1998},
	address={Port Moresby}
	publisher={The University of Papua New Guinea},
	edition={Second and revised edition}
}

@book{Dik1978,
	author={Dik, Simon},
	year={1978},
	title={Functional grammar},
	address={Dordrecht}
	publisher={Foris Publications}
}

@article{Dixon1977,
	author={Dixon, R. M. W.},
	year={1977},
	title={Where have all the adjectives gone?},
	journal={Studies in language},
	volume={1},
	pages={},
}

@book{Dixon1997,
	author={Dixon, R. M. W.},
	year={1997},
	title={The rise and fall of languages},
	address={Cambridge}
	publisher={Cambridge University Press}
}

@book{Dixon2010,
author={Dixon, R. M. W.},
year={2010-2012},
title={Basic linguistic theory},
	address={Oxford},
	publisher={Oxford University Press}
}

@article{Downing1977,
	author={Downing, Pamela},
	year={1977},
	title={On the creation and use of English compound nouns},
	journal={Language} 
	volume={53},
	pages={}
	}

@incollection{Dryer2006a,
	author={Dryer, Matthew S.},
	year={2006},
	title={Descriptive theories, explanatory theories and Basic Linguistic Theory},
	crossref={AmekaEtAlEd2006},
	pages={207-234}
}

@incollection{Dryer2006b,
	author={Dryer, Matthew S.},
	year={2006},
	title={Functionalism and the theory-metalanguage confusion},
	editor={Grace Wiebe and Gary Libben and Ron Smith and Sam Wang},
	booktitle={Phonology, morphology, and the empirical imperative: Papers in honour of Bruce Derwing},
	address={Taipei},
	publisher={The Crane Publishing Company},
	pages={27-59}
}

@incollection{Dryer2007a,
	author={Dryer, Matthew S.},
	year={2007},
	title={Word order},
	crossref={ShopenEd2007I},
	pages={}
	}

@incollection{Dryer2007b,
	author={Dryer, Matthew S.},
	year={2007},
	title={Clause types},
	crossref={ShopenEd2007I},
	pages={}
	}

@incollection{Dryer2007c,
	author={Dryer, Matthew S.},
	year={2007},
	title={Noun phrase structure},
	crossref={ShopenEd2007II},
	volume={2},
	pages={}
	}

@PhDthesis{Duamba1996,
	author={Duamba, Wenceslaus},
	year={1996},
	title={Foundation of the local church: evangelization and development},
	note={B.Th. thesis for Holy Spirit Seminary, Bomana, P.N.G.}
}

@article{Ezard1977,
	author={Ezard, Bryan},
	year={1977},
	title={A basic word list for Papua New Guinea},
	journal={Workpapers in Papua New Guinea languages} 
	volume={21},
	pages={}
}

@incollection{EvansEtAl2006,
	author={Evans, Nicholas and Alan Dench},
	year={2006},
	title={Introduction: Catching language},
	crossref={AmekaEtAlEd2006},
	pages={1-39}
}.

@book{Farr1999,
	author={Farr, Cynthia J. M.},
	year={1999},
	title={The interface between syntax and discourse in Korafe, a Papuan language of  Papua New Guinea},
	series={Pacific Linguistics}, 
	number={C-148},
}

@article{Farr1982,
	author={Farr, Cynthia and Carl Whitehead},
	year={1982},
	title={This, that and the other: a study of Korafe demonstratives},
	journal={Language and Linguistics in Melanesia} 
	volume={13},
	pages={}
	}
	
@book{Foley1986,
	author={Foley, William A.},
	year={1986},
	title={The Papuan languages of New Guinea},
	address={Cambridge}
	publisher={Cambridge University Press}
} 

@book{Foley1991,
	author={Foley, William A.},
	year={1991},
	title={The Yimas language of New Guinea},
	address={Stanford, California}
	publisher={Stanford University Press}
}

@book{Franklin1971,
	author={Franklin, Karl J.},
	year={1971},
	title={A grammar of Kewa, New Guinea},
	series={Pacific Linguistics}, 
	number={C-16}
	}

@incollection{Franklin1979,
	author={Franklin, Karl J.},
	year={1979},
	title={Free and bound pronouns in Papuan languages},
	editor={R. E. Cooley and M. R. Barnes and J. A. Dunn},
	booktitle= {Papers of the Mid-America Linguistics Conference at Oklahoma},
	address={Norman},
	publisher={University of Oklahoma},
	pages={355-365}
}

@incollection{Franklin1983,
	author={Franklin, Karl J.},
	year={1983},
	title={Some features of interclausal references in Kewa},
	crossref={HaimanEtAlEd1983},
	pages={39-49}
}

@book{Frawley1992,
	author={Frawley, William},
	year={1992},
	title={Linguistic semantics},
	address={Hillsdale, N.J.}
	publisher={Lawrence Erlbaum}
}

@abc{Giv\'on, 1975,
	author={Giv\'on, Talmy},
	year={1975},
	title={Serial verbs and syntactic change: Niger-Congo},

	editor={Charles Li}
	booktitle={Word order and word order change}
	address={Austin: Texas Press}
	publisher={47-112}
}

@abc{Giv\'on, 1976,
	author={Giv\'on, Talmy},
	year={1976},
	title={Topic, Pronoun and grammatical agreement},

	editor={Charles Li}
	pages={149-188},

@abc{Giv\'on, 1979,
	author={Giv\'on, Talmy},
	year={1979},
	title={{On understanding grammar},

	address={New York}
	publisher={Academic Press}
} 

@abc{Giv\'on, 1983,
	author={Giv\'on, Talmy},
	year={1983},
	title={Topic continuity in discourse: the functional domain of switch-reference},

	editor={John Haiman and Pam Munro}
	pages={51-82}, 

@abc{Giv\'on, 1984,
	author={Giv\'on, Talmy},
	year={1984},
	title={{Syntax: a functional-typological introduction.},

{\textup{Vol. 1}}\textit{. } Amsterdam/Philadelphia: John Benjamins.

@abc{Giv\'on, 1990,
	author={Giv\'on, Talmy},
	year={1990},
	title={{Syntax: a functional-typological introduction.} Vol. 2.  Amsterdam/Philadelphia: John Benjamins},


@abc{Giv\'on, 1991,
	author={Giv\'on, Talmy},
	year={1991},
	title={Some substantive issues concerning verb serialization: grammatical vs. cognitive packaging},

	editor={Claire Lefebvre}
	booktitle={Serial verbs: grammatical, comparative and cognitive approaches}
	address={Amsterdam}
	publisher={John Benjamins, 137-184}
}

@abc{Giv\'on, 1995,
	author={Giv\'on, Talmy},
	year={1995},
	title={{Functionalism and grammar},

	address={Amsterdam/Philadelphia}
	publisher={John Benjamins}
}

Greenberg, Joseph H., 1954 [1960], A quantitative approach to the morphological typology of a language. {International journal of American linguistics} 
	volume={26},
	pages={},

Greenberg, Joseph H., 1966 [1963], Some universals of grammar with particular reference to the order of meaningful elements.
	editor={Joseph Greenberg}
{Universals of language}. Cambridge, Mass.: M.I.T. Press: 73-113. 

@abc{Greenberg1971,
	author={Greenberg, Joseph H.},
	year={1971},
	title={The Indo-Pacific hypothesis},
In T. Sebeok, ed., {Current trends in linguistics}. Vol. 8: Linguistics in Oceania, 807-876.

@abc{Greenberg1978a,
	author={Greenberg, Joseph H., ed., with Charles Ferguson and Edith Moravscik, assoc. eds.},
	year={1978a},
	title={{Universals of human language},
} {\textup{Vol. 3: Word structure}}\textit{.} Stanford, California: Stanford University Press. 

@abc{Greenberg1978b,
	author={Greenberg, Joseph H., ed., with Charles Ferguson and Edith Moravscik, assoc. eds.},
	year={1978b},
	title={{Universals of human language},
} {\textup{Vol. 4: Syntax.}} Stanford, California: Stanford University Press.

@abc{Grimes2000,
	author={Grimes, Barbara, ed.},
	year={2000},
	title={{Ethnologue}},
14\textsuperscript{th} edition
	address={Dallas}
	publisher={SIL International}
}

@abc{Grimes1959,
	author={Grimes, J.E. and F. Agard},
	year={1959},
	title={Linguistic divergence in Romance},
	journal={Language} 
	volume={35},
	pages={},604.

@abc{Haantjens1976,
	author={Haantjens, H.A., E. Reiner, R.G. Robbins and J.C. Saunders},
	year={1976},
	title={Land systems},
In R.G. Robbins, ed.,{ Lands of the Ramu-Madang area, Papua New Guinea}. Land Research Series No. 37, CSIRO, Melbourne.

@abc{Haiman1978,
	author={Haiman, John},
	year={1978},
	title={Conditionals are topics},
	journal={Language} 
	volume={54},
	pages={},

@abc{Haiman1980,
	author={Haiman, John},
	year={1980},
	title={{Hua, a Papuan language of the Eastern Highlands of New Guinea}},
SLC 5
	address={Amsterdam}
	publisher={John Benjamins}
}

Haiman, John, ed., 1985. {Iconicity in syntax}. TSL 6
	address={Amsterdam}
	publisher={John Benjamins}
}

@abc{Haiman1979,
	author={Haiman, John},
	year={1979},
	title={Review of Wurm, ed},
, 1975. {Language} 55.
	volume={4},
	pages={},

@abc{Haiman1983,
	author={Haiman, John and Pamela Munro, eds.},
	year={1983},
	title={{Switch reference and universal grammar}},
TSL 2.  Amsterdam: John Benjamins.

@abc{Haiman1984,
	author={Haiman, John and Sandra Thompson},
	year={1984},
	title={``Subordination'' in universal grammar},
	booktitle={Proceedings of the Tenth Annual Meeting of the Berkeley Linguistics Society}
	address={Berkeley}
	publisher={Berkeley Linguistics Society, 510-523}
}

@abc{Haiman1988,
	author={Haiman, John and Sandra Thompson, eds.},
	year={1988},
	title={{Clause combining in grammar and discourse}},
Typological studies in language 18. Amsterdam/Philadelphia: John Benjamins

@abc{Hakulinen1979,
	author={Hakulinen, Auli and Fred Karlsson},
	year={1979},
	title={{Nykysuomen lauseoppia}},
Jyv\"askyl\"a, Finland: Suomalaisen Kirjallisuuden Seura.

@abc{Halliday1994,
	author={Halliday, M.A.K.},
	year={1994},
	title={{An introduction to functional grammar}},
2\textsuperscript{nd} edition
	address={London}
	publisher={Edward Arnold}
}

Hardin, Barbara, ms., Maia grammar essentials. SIL archives, Ukarumpa, Papua New Guinea; www.sil.org/resources/archives/49138.

@abc{Hartzler1994,
	author={Hartzler, Margaret},
	year={1994},
	title={Sentani},

	editor={Peter Kahrel and Ren\'e van den Berg}
	booktitle={Typological studies in negation}, TSL 29.  Amsterdam/Philadelphia: John Benjamins, 51-64.

@abc{Haspelmath2007,
	author={Haspelmath, Martin},
	year={2007},
	title={Coordination},
In Timothy Shopen, ed., Vol. 
	volume={2},
	pages={},

Heine, Bernd,1997, {Possession: cognitive sources, forces and grammaticalization}
	address={Cambridge}
	publisher={Cambridge University Press}
}

@abc{Hepner2002,
	author={Hepner, Mark},
	year={2002},
	title={Bargam grammar sketch},
Unpublished manuscript. SIL archives, Ukarumpa, Papua New Guinea; www.sil.org/resources/archives/31205.

Hollrung, M.,1888,  Das deutsche Schutzgebiet in der S\"udsee. {Globus} 
	volume={54},
	pages={}, 321-325, 337-341.

@abc{Hopper1980,
	author={Hopper, Paul and Sandra Thompson},
	year={1980},
	title={Transitivity in grammar and discourse},
	journal={Language} 
	volume={56},
	pages={}, 

@abc{Hopper1984,
	author={Hopper, Paul and Sandra Thompson},
	year={1984},
	title={The discourse basis for lexical categories in universal grammar},
	journal={Language} 
	volume={60},
	pages={},

@abc{Hopper1985,
	author={Hopper, Paul and Sandra Thompson},
	year={1985},
	title={The iconicity of ``noun'' and ``verb''},
In John Haiman
	pages={151-183}
}.

@abc{H\"oltker, 1937,
	author={H\"oltker, G.},
	year={1937},
	title={Vorbericht \"uber meine ethnografischen und anthropologischen Forschungen in Bogia-Distrikt (Neu-Guinea). {Anthropos}},

	volume={32},
	pages={},

@abc{James1983,
	author={James, Dorothy},
	year={1983},
	title={Verb serialization in Siane},
	journal={Language and linguistics in Mmelanesia} 
	volume={14},
	pages={},

J\"arvinen (=Bergh\"all), Liisa, 1980, Relative constructions in Mauwake. Unpublished manuscript. SIL archives, Ukarumpa, Papua New Guinea.

J\"arvinen (=Bergh\"all), Liisa, 1988a, Mauwake dialect survey. Unpublished manuscript. SIL archives, Ukarumpa, Papua New Guinea.

J\"arvinen (=Bergh\"all), Liisa, 1988b, Focus marking in Mauwake. {Language and Linguistics in Melanesia} 
	volume={19},
	pages={},

J\"arvinen (=Bergh\"all), Liisa, 1989, A phonological description of Mauwake. Unpublished manuscript. SIL archives, Ukarumpa, Papua New Guinea.

J\"arvinen (=Bergh\"all), Liisa, 1990, Mauwake orthography. Unpublished manuscript. SIL archives, Ukarumpa, Papua New Guinea

J\"arvinen (=Bergh\"all), Liisa, 1991, The pronoun system of Mauwake.
	editor={Tom Dutton}
	journal={Papers in Papuan linguistics 
	volume={1},
	pages={}, Pacific Linguistics} A-73.

J\"arvinen (=Bergh\"all), Liisa, Poh San Kwan and Saror Aduna, 2001, Mauwake dictionary. [http://www.sil.org/pacific/png/pubs/49080/Mauwake\_dictionary.pdf]

@abc{Jespersen1924,
	author={Jespersen, Otto},
	year={1924},
	title={\textit{The philosophy of grammar}},
London: George Allen and Unwin.

@abc{Jespersen1933,
	author={Jespersen, Otto},
	year={1933},
	title={\textit{Essentials of English grammar}},
London: George Allen and Unwin.

@abc{Kadanya2006,
	author={Kadanya, James L.},
	year={2006},
	title={Writing grammars for the community},
	journal={Studies in language} 
	volume={30},
	number={2},
	pages={253-257},

@abc{Kaima1999,
	author={Kaima, Samuel and August Kituai},
	year={1999},
	title={{A bibliography of Madang Province}},
Waigani: University of Papua NewGuinea.

@abc{Keenan1985,
	author={Keenan, Edward},
	year={1985},
	title={Relative clauses},
In Shopen, ed., Vol. 
	volume={2},
	pages={},

@abc{Keenan1977,
	author={Keenan, Edward and Bernard Comrie},
	year={1977},
	title={Noun phrase accessibility and universal grammar},
	journal={Linguistic Inquiry} 
	volume={8},
	pages={},

@abc{Kittil\"a, 2002,
	author={Kittil\"a, Seppo},
	year={2002},
	title={{Transitivity: towards a comprehensive typology}. University of Turku publications in general linguistics },

	address={Turku, Finland}
	publisher={{\AA}bo Akademis tryckeri}
}

@abc{Kwan1980,
	author={Kwan, Poh San},
	year={1980},
	title={Mauwake (Ulingan) grammar essentials},
Unpublished manuscript. SIL archives, Ukarumpa, Papua New Guinea.

@abc{Kwan1983,
	author={Kwan, Poh San},
	year={1983},
	title={Transitivity and verb classes in Mauwake},
Unpublished manuscript. SIL archives, Ukarumpa, Papua New Guinea.

@abc{Kwan1988,
	author={Kwan, Poh San},
	year={1988},
	title={Background study of the Mauwake-speaking people of Madang},
Unpublished manuscript. SIL archives, Ukarumpa, Papua New Guinea.

@abc{Kwan1989,
	author={Kwan, Poh San},
	year={1989},
	title={The referential meanings of \textstyleForeignWords{kema} `liver' in Mauwake},

	editor={Karl Franklin}
	booktitle={Studies in componential analysis. Data papers on Papua New Guinea languages}, 
	volume={36},
	pages={},

@abc{Lakoff1974,
	author={Lakoff, Robin},
	year={1974},
	title={Remarks on \textstyleEmphasizedWords{this} and \textstyleEmphasizedWords{that}},

	editor={M. La Galy, R. Fox and A. Bruck}
	booktitle={Papers from the tenth regional meeting of the Chicago Linguistic Society}, 345-356
	address={Chicago}
	publisher={Chicago Linguistic Society}
} Used?

@abc{Lang1976,
	author={Lang, Ranier},
	year={1976},
	title={Review of S},
A. Wurm, ed., 1975. {Kivung, Journal of the Linguistic Society of Papua New Guinea} 9.1: 72-80.

@abc{Lean1991,
	author={Lean, Glendon A.},
	year={1991},
	title={{Counting systems in Papua New Guinea},
} {\textup{Vol. 15: Madang Province}}. 2\textsuperscript{nd} edition. Lae: Department of Mathematics and Statistics, Papua New Guinea University of Technology.

@abc{Lees1968,
	author={Lees, Robert},
	year={1968},
	title={{The grammar of English nominalizations}},
The Hague: Mouton.

@abc{Lehmann1988,
	author={Lehmann, Christian},
	year={1988},
	title={Towards a typology of clause linkage},
In John Haiman and Sandra Thompson
	pages={181-225}
}.

@abc{Li1976,
	author={Li, Charles, ed.},
	year={1976},
	title={{Subject and topic}},
New York: Academic Press. 

@abc{Li1976,
	author={Li, Charles and Sandra Thompson},
	year={1976},
	title={Subject and topic: a new typology of language},
In Charles Li
	pages={457-489}
}.

@abc{Linde1979,
	author={Linde, Charlotte},
	year={1979},
	title={Focus of attention and the choice of pronouns in discourse},
In Talmy Giv\'on,  ed., {Discourse and syntax}. Syntax and semantics 12
	address={New York: Academic Press}
	publisher={337-354}
}

@abc{Lord1993,
	author={Lord, Carol},
	year={1993},
	title={\textit{Historical change in serial verb constructions}},
TSL 26
	address={Amsterdam}
	publisher={John Benjamins}
}

@abc{Lyons1968,
	author={Lyons, John},
	year={1968},
	title={{Introduction to theoretical linguistics}},
Cambridge: Cambridge University Press.

@abc{Lyons1977,
	author={Lyons, John},
	year={1977},
	title={{Semantics,} {\textup{Vols},
1 and 2}}
	address={Cambridge}
	publisher={Cambridge University Press}
}

MacDonald, Lorna, 1990, {A grammar of Tauya}
	address={Berlin}
	publisher={Mouton de Gruyter}
}

@abc{Maddieson1984,
	author={Maddieson, Ian},
	year={1984},
	title={{Patterns of sounds}},
Cambridge: Cambridge University Press.

@abc{Malkiel1978,
	author={Malkiel, Yakov},
	year={1978},
	title={Derivational categories},
In Joseph Greenberg, ed., 1978a:125.149. 

@abc{Mathiessen1988,
	author={Mathiessen, Christian and Sandra Thompson},
	year={1988},
	title={The structure of discourse in ``subordination''},
In John Haiman and Sandra Thompson
	pages={275-329}
}.

McElhanon, Kenneth A., 1973, {Towards a typology of Finisterre-Huon languages, New Guinea.} {Pacific Linguistics}, B-22. 

McElhanon, K. and C.L. Voorhoeve, 1970, The Trans-New Guinea Phylum: Explorations in deep-level genetic relationships.  {Pacific Linguistics,} B-16.

@abc{Miestamo2005,
	author={Miestamo, Matti},
	year={2005},
	title={{Standard negation: the negation of declarative verbal main clauses in a typological perspective},
} Berlin/New York: Mouton de Gruyter.

@abc{Mosel2006,
	author={Mosel, Ulrike},
	year={2006},
	title={Grammaticography},
In Felix Ameka, Alan Dench and Nicholas Evans
	pages={41-68}
}.

@abc{Moravcsik1978,
	author={Moravcsik, Edith},
	year={1978},
	title={Reduplicative constructions},
In Joseph Greenberg, ed. 297-334.

@abc{Munro1982,
	author={Munro, Pamela},
	year={1982},
	title={On the transitivity of `say' verbs},

	editor={Paul J. Hopper and Sandra Thompson}
	booktitle={Studies in transitivity}. Syntax and semantics 15
	address={New York}
	publisher={Academic Press}
}

@abc{Murane1974,
	author={Murane, Elizabeth},
	year={1974},
	title={{Daga grammar from morpheme to discourse}},
Glendale, California: The Church Press.

@abc{Mushin2000,
	author={Mushin, Ilana and Lesley Stirling},
	year={2000},
	title={ A course on deixis and perspective at Australian Linguistic Institute, University of Melbourne},


@abc{Noonan2006,
	author={Noonan, Michael},
	year={2006},
	title={Grammar writing for a grammar-reading audience},
\textit{Studies in language} 
	volume={30},
	number={2},
	pages={351-365},

@abc{Noonan2007,
	author={Noonan, Michael},
	year={2007},
	title={Complementation},
In Timothy Shopen, ed., Vol. 
	volume={2},
	pages={},

@abc{Palmer1986,
	author={Palmer, F.R.},
	year={1986},
	title={{Mood and modality}},
Cambridge: Cambridge University Press.

@abc{Pawley1987,
	author={Pawley, Andrew},
	year={1987},
	title={Encoding events in Kalam and English: different logics for reporting experience},

	editor={Russell S. Tomlin}
	booktitle={Coherence and grounding in discourse}. TSL 11
	address={Amsterdam/Philadelphia}
	publisher={John Benjamins, 329-360}
}

@abc{Pawley1995,
	author={Pawley, Andrew},
	year={1995},
	title={C},
L. Voorhoeve and the Trans New Guinea phylum hypothesis.
	editor={Connie Baak, Mary Bakker and Dick van der Meij}
	pages={83-122}, 

Pawley, Andrew, 1998. The Trans New Guinea phylum hypothesis: a reassessment.
	editor={Jelle Miedema, Cecilia Od\'e and Rien A.C. Dam}
	booktitle={Perspectives on the Bird's Head of Irian Jaya, Indonesia}.  Proceedings of the conference, Leiden, 13-17 October 1997. Projects Division, Department of Languages and Culture of Asia and Oceania, Leiden University.  Editions Rodopi, 655-690.

@abc{Pawley2001,
	author={Pawley, Andrew},
	year={2001},
	title={The Proto Trans New Guinea obstruents: arguments from top-down reconstruction},

	editor={Andrew Pawley, Malcolm Ross and Darrell Tryon}
 {The boy from Bundaberg: studies in Melanesian linguistics in honour of Tom Dutton}
	address={Canberra}
	publisher={Pacific Linguistics, 261-300}
}

@abc{Pawley2005a,
	author={Pawley, Andrew},
	year={2005a},
	title={Preface},
In Andrew Pawley, Robert Attenborough, Jack Golson and Robin Hide, eds., vi-xvii. 

@abc{Pawley2005b,
	author={Pawley, Andrew},
	year={2005b},
	title={The chequered career of  the Trans New Guinea hypothesis: recent research and its implications},
In Andrew Pawley, Robert Attenborough, Jack Golson and Robin Hide
	pages={67-107}
}.

@abc{Pawley2005,
	author={Pawley, Andrew, Robert Attenborough, Jack Golson and Robin Hide, eds.},
	year={2005},
	title={{Papuan pasts: cultural, linguistic and biological histories of Papuan-speaking peoples}},
Canberra: Pacific Linguistics.

@abc{Payne1985,
	author={Payne, John R.},
	year={1985},
	title={Complex phrases and complex sentences},
In Timothy Shopen, ed., Vol. 
	volume={2},
	pages={},

@abc{Payne1997,
	author={Payne, Thomas},
	year={1997},
	title={{Describing morphosyntax: A guide for field linguists}},
Cambridge: Cambridge University Press.

Quirk, Randolph, Sidney Greenbaum, a Geoffrey Leech and Jan Svartvik, 1989 [1985], {A comprehensive grammar of the English language}.  London: Longman. 

@abc{Reesink1983a,
	author={Reesink, Ger P.},
	year={1983a},
	title={Switch reference and topicality hierarchies},
	journal={Studies in language} 
	volume={7},
	pages={},

@abc{Reesink1983b,
	author={Reesink, Ger P.},
	year={1983b},
	title={On subordination in Usan and other Papuan languages},

	editor={Simon Dik}
	booktitle={Advances is Functional grammar}
	address={Dordrecht}
	publisher={Foris Publications, 225-243}
}

@abc{Reesink1987,
	author={Reesink, Ger P.},
	year={1987},
	title={{Structures and their function in Usan: A Papuan language of Papua New Guinea}},
Studies in language companion series 13
	address={Amsterdam}
	publisher={John Benjamins}
}

@abc{Rice2006a,
	author={Rice, Keren},
	year={2006a},
	title={A typology of good grammars},
	journal={Studies in language} 
	volume={30},
	number={2},
	pages={385-415},

@abc{Rice2006b,
	author={Rice, Keren},
	year={2006b},
	title={Let the language tell its story? In Felix Ameka, Alan Dench and Nicholas Evans, eds},
, 235-268.

@abc{Roberts1987,
	author={Roberts, John R.},
	year={1987},
	title={{Amele}},
London: Croom Helm.

@abc{Roberts1988a,
	author={Roberts, John R.},
	year={1988a},
	title={Amele switch reference and the theory of grammar},
	journal={Linguistic Inquiry} 
	volume={19},
	pages={},

@abc{Roberts1988b,
	author={Roberts, John R.},
	year={1988b},
	title={Switch reference in Papuan languages},
	journal={Australian Journal of Linguistics} 
	volume={8},
	pages={}, 

@abc{Roberts1997,
	author={Roberts, John R.},
	year={1997},
	title={Switch-reference in Papua New Guinea: a preliminary survey},

	editor={Andrew Pawley}
Papers in Papuan linguistics No.
	volume={3},
	pages={}, \textit{Pacific Linguistics.} A-87.

@abc{Ross1995,
	author={Ross, Malcolm},
	year={1995},
	title={The great Papuan pronoun hunt: recalibrating our sights},
In Connie Baak, Mary Bakker and Dick van der Meij
	pages={139-168}
}.

@abc{Ross2005,
	author={Ross, Malcolm},
	year={2005},
	title={Pronouns as a preliminary diagnostic for grouping Papuan languages},
In Andrew Pawley, Robert Attenborough, Jack Golson and Robin Hide
	pages={15-65}
}. 

@abc{Ross1996,
	author={Ross, Malcolm},
	year={1996},
	title={A preliminary subgrouping of the Madang languages based on pronouns},
Unpublished ms. Research School of Pacific and Asian studies, Australian National University.

@abc{Ross1978,
	author={Ross, Malcolm and John Natu Paol},
	year={1978},
	title={A Waskia grammar sketch and vocabulary\textit{},
} \textit{Pacific Linguistics}. B-56.

@abc{Saari1985,
	author={Saari, Sinikka},
	year={1985},
	title={{Bine-kielen syntaksin p\"a\"apiirteet}},
M.A. thesis, University of Helsinki.

@abc{Sadock1985,
	author={Sadock, Jerrold and Arnold Zwicky},
	year={1985},
	title={Speech act distinctions in syntax},
In Timothy Shopen, ed., Vol. 
	volume={1},
	pages={},

@abc{Sapir1921,
	author={Sapir, Edward},
	year={1921},
	title={{Language: an introduction to the study of speech}},
New York: Harcourt, Brace and World.

@abc{Schachter1985,
	author={Schachter, Paul},
	year={1985},
	title={Parts-of-speech systems},
In Timothy Shopen, ed., Vol. 
	volume={1},
	pages={},

@abc{Sebba1987,
	author={Sebba, Mark},
	year={1987},
	title={{The system of serial verbs: an investigation into Sranan and other languages}},
Amsterdam: John Benjamins.

@abc{Seiler1978,
	author={Seiler, Hansjakob},
	year={1978},
	title={The Cologne project on language universals: questions, objectives and prospects},

	editor={Hansjakob Seiler}
	booktitle={Language Universals}. Papers from the conference held at Gummersbach, October 3-8, 1976
	address={T\"ubingen}
	publisher={Gunter Narr Verlag}
}

@abc{Shopen1985,
	author={Shopen, Timothy, ed.},
	year={1985},
	title={{Language typology and syntactic description},
} {\textup{Vols. 1-3}}\textit{.} Cambridge: Cambridge University Press.

@abc{Shopen2007,
	author={Shopen, Timothy, ed.},
	year={2007},
	title={{Language typology and syntactic description},
} {\textup{Vols. 1-3.}} Second edition
	address={Cambridge}
	publisher={Cambridge University Press}
}

@abc{Simons1977,
	author={Simons, Gary},
	year={1977},
	title={Phonostatistic methods},
	booktitle={Workpapers in Papua New Guinea languages} 
	volume={21},
	pages={},

@abc{Stassen1997,
	author={Stassen, Leon},
	year={1997},
	title={{Intransitive predication},
} Oxford: Clarendon Press.

Stassen, Leon, 2008. Comparative constructions.
	editor={Martin Haspelmath,  Matthew Dryer,  David Gil and Bernard Comrie}
	booktitle={The World Atlas of Language Structures Online}
	address={Munich}
	publisher={Max Planck Digital Library, chapter 121. Available online at http://wals.info/feature/121. Accessed on 14.6.2009}
}

@abc{Talmy2007,
	author={Talmy, Leonard},
	year={2007},
	title={Lexical typologies},
In Timothy Shopen, ed., Vol. 
	volume={3},
	pages={},

@abc{Taylor1989,
	author={Taylor, John R.},
	year={1989},
	title={{Linguistic categorization: prototypes in linguistic theory}},
Oxford: Clarendon Press.

@abc{Thompson1988,
	author={Thompson, Sandra A.},
	year={1988},
	title={A Discourse approach to the cross-linguistic category of `adjective'},

	editor={John Hawkins}
	booktitle={Explaining language universals}
	address={Oxford}
	publisher={Blackwell, 167-185}
}

@abc{Thompson2007,
	author={Thompson, Sandra, Robert Longacre and Shin Ja Hwang},
	year={2007},
	title={Adverbial clauses},
In Timothy Shopen, ed., Vol. 
	volume={2},
	pages={},

@abc{Tranel1952,
	author={Tranel, W.},
	year={1952},
	title={V\"olkerkundliche und sprachliche Aufzeichnungen aus dem m\'oando-Sprachgebiet in Nordost-Neuguinea},
	journal={Anthropos} 
	volume={47},
	pages={},

Van Valin, Robert D. Jr and Randy J. LaPolla, 1997,  {Syntax: structure, meaning and function}
	address={Cambridge}
	publisher={Cambridge University Press}
}

@abc{Voegelin1965,
	author={Voegelin, C.F. and F.M. Voegelin},
	year={1965},
	title={Languages of the world: Indo-Pacific fascicle},
	journal={Anthropological linguistics 7.9}.

@abc{Wagner1986,
	author={Wagner, Herwig, and Hermann Reiner, eds.},
	year={1986},
	title={{The Lutheran Church in Papua New Guinea: The first hundred years}},
Adelaide: Lutheran Publishing House.

Wells, Margaret, 1979{,} Siroi grammar{. Pacific Linguistics,} B-51.

@abc{Whitehead1981,
	author={Whitehead, Carl R.},
	year={1981},
	title={Subject, object and indirect object: towards a typology of Papuan languages},
	journal={Language and linguistics in Melanesia} 
	volume={13},
	pages={},

@abc{Whitehead2004,
	author={Whitehead, Carl R.},
	year={2004},
	title={{A reference grammar of Menya, an Angan language of Papua New Guinea}},
Ph.D. dissertation, University of Manitoba.

@abc{Wierzbicka1986,
	author={Wierzbicka, Anna},
	year={1986},
	title={What's in a noun? (or: How do nouns differ in meaning from adjectives?) {Studies in language} 
	volume={10},
	pages={},,


Wurm, S. A., ed., 1975. New Guinea area languages and language study, 1: Papuan languages and the New Guinea linguistic scene. {Pacific Linguistics} C-38.

@abc{Wurm1982,
	author={Wurm, Stephen A.},
	year={1982},
	title={{Papuan languages of Oceania}},
T\"ubingen: Gunter Narr Verlag.

@abc{Wurm1961,
	author={Wurm, S.A. and D.C. Laycock},
	year={1961},
	title={The question of language and dialect in New Guinea},
	journal={Oceania} 32.
	volume={2},
	pages={},

@abc{Wurm1975,
	author={Wurm, S. A., D. C. Laycock and C.L. Voorhoeve},
	year={1975},
	title={General Papuan characteristics},
In S.A. Wurm
	pages={935-960}
}. 

@abc{Wurm1981,
	author={Wurm, Stephen and Shir\^o Hattori},
	year={1981},
	title={{Language atlas of the Pacific area}},
Vol. 1
	address={Canberra}
	publisher={Australian Academy of the Humanities in collaboration with the Japanese Academy}
}

@abc{Ylikoski2003,
	author={Ylikoski, Jussi},
	year={2003},
	title={Defining non-finites: action nominals, converbs, and infinitives},
	journal={SKY Journal of linguistics} 
	volume={16},
	pages={},

@abc{Ylikoski2009,
	author={Ylikoski, Jussi},
	year={2009},
	title={{Non-finites in North Saami}},
Suomalais-Ugrilaisen Seuran toimituksia = M\'emoires de la Soci\'et\'e Finno-Ougrienne 257
	address={Sastamala}
	publisher={Vammalan Kirjapaino}
}

@abc{Z'Graggen, 1971,
	author={Z'Graggen, J. A.},
	year={1971},
	title={Classificatory and typological studies in the languages of the Madang District.  {Pacific Linguistics}. C-19},


@abc{Z'Graggen, 1975a,
	author={Z'Graggen, J. A.},
	year={1975a},
	title={The languages of the Madang District, Papua New Guinea. {Pacific Linguistics}. B-41},


@abc{Z'Graggen, 1975b,
	author={Z'Graggen, J. A.},
	year={1975b},
	title={The Madang-Adelbert range subphylum. In S.A. Wurm, ed. 569-612},


@abc{Z'Graggen, 1980,
	author={Z'Graggen, J. A.},
	year={1980},
	title={A comparative word list of the Northern Adelbert Range languages,  Madang Province, Papua New Guinea. {Pacific Linguistics}. D-31},

