@ARTICLE{VanDerAaEtAl1872,
  author = {Robide van der Aa and Pieter Jan Batist Carel},
  year = {1872},
  title = {Een tweetal bijdragen tot de kennis van Halmahera},
  journal = {Bijdragen tot de Taal, Land en Volkenkunde},
  volume = {19},
  pages = {233-239},
  _orig = {Robide van der Aa, Pieter Jan Batist Carel. 1872. Een tweetal bijdragen
	tot de kennis van Halmahera. Bijdragen tot de Taal, Land en Volkenkunde
	19: 233-9.}
}

@BOOK{Aikhenvald2000,
  author = {Aikhenvald, Alexandra Y.},
  year = {2000},
  title = {Classifiers: A typology of noun categorization devices},
  address = {Oxford},
  publisher = {Oxford University Press},
  volume = {Studies in typology and linguistic theory},
  pages = {535},
  series = {Oxford Studies in Typology and Linguistic Theory},
  _orig = {Aikhenvald, Alexandra Y. 2000. Classifiers: a typology of noun categorization
	devices. Oxford: Oxford University Press.},
  keywords = {Nominal classification, Typology},
  last_changed = {2007-06-14}
}

@INCOLLECTION{AikhenvaldEtAl2007,
  author = {Aikhenvald, Alexandra Y. and Tonya N. Stebbins},
  year = {2007},
  title = {Languages of New Guinea},
  booktitle = {The vanishing languages of the Pacific Rim},
  editor = {Miyaoka, Osahito and Osamu Sakiyama and Micheal E. Krauss},
  address = {Oxford},
  publisher = {Oxford University Press},
  pages = {239-266},
  _orig = {Aikhenvald, Alexandra Y. and Tonya Stebbins. 2007. Languages of New
	Guinea. The Vanishing Voices of the Pacific Rim, ed. by O. Miyaoka,
	O. Sakiyama and M.E. Krauss, 239-66. Oxford: Oxford University Press.}
}

@ARTICLE{Aissen2003,
  author = {Aissen, Judith},
  year = {2003},
  title = {Differential object marking: Iconicity and economy},
  journal = {Natural Language and Linguistic Theory},
  volume = {21},
  pages = {435-483},
  number = {3},
  _orig = {Aissen, Judith. 2003. Differential object marking: Iconicity and economy.
	Natural Language and Linguistic Theory 21(3): 435-483.}
}

@ARTICLE{Anceaux1973,
  author = {Anceaux, J. C.},
  year = {1973},
  title = {Naschrift},
  journal = {Bijdragen to de Taal-, Land- en Volkenkunde},
  volume = {129},
  number = {345-346},
  _orig = {Anceaux, J.C. 1973. Naschrift. Bijdragen to de Taal-, Land- en Volkenkunde
	129: 345-6.}
}

@ARTICLE{Anonymous1914,
  author = {Anonymous},
  year = {1914},
  title = {De eilanden Alor en Pantar, Residentie Timor en Onderhoorigheden},
  journal = {Tijdschrift van het Koninklijk Nederlandsch Aardrijkskundig Genootschap},
  volume = {31},
  pages = {70-102},
  _orig = {Anonymous. 1914. De eilanden Alor en Pantar, Residentie Timor en Onderhoorigheden.
	Tijdschrift van het Koninklijk Nederlandsch Aardrijkskundig Genootschap
	31. 70--102.}
}

@UNPUBLISHED{AokiEtAl1993,
  author = {Aoki, Eriko and Satoshi Nakagawa},
  title = {Endenese-English dictionary},
  note = {Unpublished manuscript},
  year = {1993},
  _orig = {Aoki, Eriko & Satoshi Nakagawa. 1993. Endenese-English dictionary.	Unpublished manuscript.}
}

@MISC{ArkaEtAl2007,
  _orig = {Arka, I Wayan, Fransiscus Seda, Antonius Gelang, Yohanes Nani & Ivan
	Ture. 2007. A Rongga-English dictionary with an English-Rongga finderlist.
	http://chl.anu.edu.au/linguistics/projects/iwa/Web-Pages/RonggaDictionary2007.pdf
	(6 December, 2011).},
  author = {Arka, I Wayan and Fransiscus Seda and Antonius Gelang and Yohanes
	Nani and Ivan Ture},
  lastchecked = {6 December, 2011},
  title = {A Rongga-English dictionary with an English-Rongga finderlist},
  url = {http://chl.anu.edu.au/linguistics/projects/iwa/Web-Pages/RonggaDictionary2007.pdf},
  year = {2007}
}

@INCOLLECTION{Arkadiev2008,
  author = {Arkadiev, Peter},
  year = {2008},
  title = {Thematic roles, event structure, and argument encoding in semantically
	aligned languages},
  booktitle = {The typology of semantic alignment},
  editor = {Mark Donohue and S{\o}ren Wichmann},
  address = {Oxford},
  publisher = {Oxford University Press},
  pages = {101-117},
  _orig = {Arkadiev, Peter. 2008. Thematic roles, event structure, and argument
	encoding in semantically aligned languages. In Mark Donohue and S{\o}ren
	Wichmann, eds., The typology of semantic alignment: 101-117. Oxford:
	Oxford University Press.}
}

@BOOK{Arndt1961,
  author = {Arndt, Paul},
  year = {1961},
  title = {W{\"o}rterbuch der Ngadhasprache},
  address = {Posieux (Fribourg, Suisse)},
  publisher = {Anthropos-Institut},
  number = {15},
  series = {Studia Instituti Anthropos},
  _orig = {Arndt, Paul. 1961. W{\"o}rterbuch der Ngadhasprache (Studia Instituti
	Anthropos 15). Posieux, Fribourg: Anthropos-Institut.},
  keywords = {glotto duplicate}
}

@BOOK{Arndt1933,
  author = {Arndt, Paul},
  year = {1933},
  title = {Li'onesisch-Deutsches W{\"o}rterbuch},
  address = {Ende-Flores},
  publisher = {Arnoldus-Druckerei},
  _orig = {Arndt, Paul. 1933. Li'onesisch-Deutsches W{\"o}rterbuch. Ende-Flores:
	Arnoldus-Druckerei.},
  keywords = {glotto duplicate}
}

@INCOLLECTION{Baayen1992,
  author = {Baayen, R. Harald},
  year = {1992},
  title = {Quantitative aspects of morphological productivity},
  booktitle = {Yearbook of Morphology 1991},
  editor = {Geert Booij and Jaap van Marle},
  address = {Dordrecht},
  publisher = {Kluwer Academic Publishers},
  pages = {109-149},
  _orig = {Baayen, R. Harald. 1992. Quantitative aspects of morphological productivity.
	In Geert Booij and Jaap van Marle, eds., Yearbook of Morphology 1991:
	109-149. Dordrecht: Kluwer Academic Publishers.}
}

@INCOLLECTION{Baird2010,
  author = {Baird, Louise},
  year = {2010},
  title = {Grammaticalisation of asymmetrical serial verb constructions in Klon},
  booktitle = {Typological and areal analyses: Contributions from East Nusantara},
  editor = {Ewing, Michael and Klamer, Marian},
  pages = {189-206},
  _orig = {Baird, Louise. 2010. Grammaticalisation of asymmetrical serial verb
	constructions in Klon, in: Michael Ewing and Marian Klamer (eds),
	Typological and areal analyses: Contributions from East Nusantara,
	189-206. Canberra: Pacific Linguistics.}
}

@ARTICLE{Baird2005,
  author = {Baird, Louise},
  year = {2005},
  title = {Doing the split-S in Klon, in: J},
  journal = {Linguistics in the Netherlands},
  volume = {22},
  pages = {1-22},
  _orig = {Baird, Louise. 2005. Doing the split-S in Klon, in: J. Doetjes and
	J. van der Weijer (eds), Linguistics in the Netherlands 22, 1-12.
	Amsterdam: John Benjamins.},
  editor = {Doetjes. J. and van der Weijer, J.},
  publisher = {John Benjamins}
}

@INCOLLECTION{Bairdtoappear,
  author = {Baird, Louise},
  year = {To appear},
  title = {Kafoa},
  booktitle = {Papuan Languages of Timor-Alor-Pantar: Sketch Grammars.},
  editor = {Schapper, Antoinette},
  address = {Canberra},
  publisher = {Pacific Linguistics}
}

@BOOK{Baird2008,
  author = {Baird, Louise},
  year = {2008},
  title = {A grammar of Klon: a non-Austronesian language of Alor, Indonesia},
  address = {Canberra},
  publisher = {Pacific Linguistics, Research School of Pacific and Asian Studies,
	The Australian National University},
  volume = {596},
  pages = {xv+242},
  series = {Pacific Linguistics},
  _orig = {Baird, Louise. 2008. A grammar of Klon: A non-Austronesian language
	of Alor, Indonesia. Canberra: Pacific Linguistics.},
  alnumcodes = {kelo1247},
  isbn = {9780858835948},
  languoidbase_ids = {33767},
  lgcode = {Kelon [kyo]}
}

@UNPUBLISHED{BaniEtAl2011,
  author = {Bani, Heronimus and Charles E. Grimes},
  title = {Ethno-mathematics in Amarasi: how to count 400 ears of corn in 60
	seconds},
  note = {Handout from talk given at the International Conference on Language
	Documentation and Conservation.},
  month = {February},
  year = {2011},
  _orig = {Bani, Heronimus & Charles E. Grimes. 2011. Ethno-mathematics in Amarasi:
	how to count 400 ears of corn in 60 seconds. Handout from talk given
	at the International Conference on Language Documentation and Conservation.
	University of Hawaii, February 11-13 2011.},
  school = {University of Hawaii}
}

@MISC{Barnes1982number,
  author = {Barnes, Robert},
  title = {Number and number use in K{\'e}dang, Indonesia, Man 17(1)},
  year = {1982},
  _orig = {Barnes, Robert. 1982. Number and number use in K{\'e}dang, Indonesia,
	Man 17(1). 1--22.}
}

@BOOK{Barnes1974,
  author = {Barnes, Robert},
  year = {1974},
  title = {K{\'e}dang: A Study of the Collective Thought of an Eastern Indonesian
	People},
  address = {Oxford},
  publisher = {Clarendon Press},
  _orig = {Barnes, Robert. 1974. K{\'e}dang: A Study of the Collective Thought
	of an Eastern Indonesian People. Oxford: Clarendon Press.}
}

@INCOLLECTION{Barnes1980,
  author = {Barnes, Robert H.},
  year = {1980},
  title = {Concordance, structure, and variation: Considerations of alliance
	in Kedang},
  booktitle = {The Flow of Life: Essays on Eastern Indonesian},
  editor = {James J. Fox},
  address = {Cambridge},
  publisher = {Cambridge University Press},
  pages = {68-97},
  _orig = {Barnes, Robert H. 1980. Concordance, structure, and variation: Considerations
	of alliance in Kedang. In James J. Fox, ed., The Flow of Life: Essays
	on Eastern Indonesian: 68-97. Cambridge: Cambridge University Press.}
}

@ARTICLE{Barnes2001,
  author = {Barnes, Robert H.},
  year = {2001},
  title = {Alliance and warfare in an Eastern Indonesian principality - K{\'e}dang
	in the last half of the nineteenth century},
  journal = {Bijdragen tot de Taal-, Land- en Volkenkunde},
  volume = {157},
  pages = {271-311},
  number = {2},
  _orig = {Barnes, Robert H. 2001. Alliance and warfare in an Eastern Indonesian
	principality - K{\'e}dang in the last half of the nineteenth century
	Bijdragen tot de Taal-, Land- en Volkenkunde 157(2):271-311.}
}

@BOOK{Barnes1996,
  author = {Barnes, Robert H.},
  year = {1996},
  title = {Sea Hunters of Indonesia. Fishers and Weavers of Lamalera.},
  address = {Oxford},
  publisher = {Claredon Press},
  _orig = {Barnes, Robert H. 1996. Sea Hunters of Indonesia. Fishers and Weavers
	of Lamalera. Oxford: Clarendon Press.}
}

@ARTICLE{Barnes1982majapahit,
  author = {Barnes, Robert H.},
  year = {1982},
  title = {The Majapahit Dependency Galiyao},
  journal = {Bijdragen tot de Taal-, Land- en Volkenkunde},
  volume = {138},
  pages = {407-412},
  _orig = {Barnes, Robert H. 1982. The Majapahit Dependency Galiyao, Bijdragen
	tot de Taal-, Land- en Volkenkunde 138:407-412.}
}

@ARTICLE{Barnes1973,
  author = {Barnes, Robert H.},
  year = {1973},
  title = {Two terminologies of symmetric prescriptive alliance from Pantar
	and Alor in Eastern Indonesia},
  journal = {Sociologus},
  volume = {23},
  pages = {71-89},
  _orig = {Barnes, Robert H. 1973. Two terminologies of symmetric prescriptive
	alliance from Pantar and Alor in Eastern Indonesia. Sociologus 23:
	71-89.}
}

@ARTICLE{Beavers2011,
  author = {Beavers, John},
  year = {2011},
  title = {On affectedness},
  journal = {Natural Language and Linguistic Theory},
  volume = {29},
  pages = {335-370},
  number = {2},
  _orig = {Beavers, John. 2011. On affectedness. Natural Language and Linguistic
	Theory 29(2): 335-370.}
}

@ARTICLE{Bellwood2001,
  author = {Bellwood, Peter},
  year = {2001},
  title = {Early agriculturist population diasporas? Farming, language, and
	genes},
  journal = {Annual Review of Anthropology},
  volume = {30},
  pages = {181-207},
  _orig = {Bellwood, Peter. 2001. Early agriculturist population diasporas? Farming,
	language, and genes. Annual Review of Anthropology 30: 181-207.}
}

@BOOK{Bellwood1997,
  author = {Bellwood, Peter},
  year = {1997},
  title = {The prehistory of the Indo-Pacific archipelago},
  address = {Honolulu},
  publisher = {University of Hawaii Press},
  edition = {2nd},
  _orig = {Bellwood, Peter. 1997. The prehistory of the Indo-Pacific archipelago.
	2nd edition. Hololulu: University of Hawaii Press.}
}

@INCOLLECTION{Bickel2008,
  author = {Bickel, Balthasar},
  year = {2008},
  title = {On the scope of the referential hierarchy in the typology of grammatical
	relations},
  booktitle = {Case and grammatical relations. Papers in honour of Bernard Comrie},
  editor = {Greville G. Corbett and Michael Noonan},
  address = {Amsterdam},
  publisher = {John Benjamins},
  pages = {191-210},
  _orig = {Bickel, Balthasar. 2008. On the scope of the referential hierarchy
	in the typology of grammatical relations. In Greville G. Corbett
	and Michael Noonan, eds., Case and grammatical relations. Papers
	in honour of Bernard Comrie: 191-210. Amsterdam: John Benjamins.}
}

@ARTICLE{Bickel2001,
  author = {Bickel, Balthasar},
  year = {2001},
  title = {Deictic transposition and referential practice in Belhare},
  journal = {Journal of Linguistic Anthropology},
  volume = {10},
  pages = {224-247},
  number = {2},
  _orig = {Bickel, Balthasar. 2001. Deictic transposition and referential practice
	in Belhare. Journal of Linguistic Anthropology 10(2): 224-247.},
  alnumcodes = {belh1239},
  languoidbase_ids = {28028},
  lgcode = {Belhariya [byw] (computerized assignment from "belhare")}
}

@MISC{Blustnd,
  _orig = {Blust, Robert. n.d. Blust's Austronesian Comparative Dictionary, http://www.trussel2.com/acd/.
	(Accessed June 6, 2013).},
  author = {Blust, Robert},
  lastchecked = {June 6, 2013},
  title = {Blust's Austronesian Comparative Dictionary},
  url = {http://www.trussel2.com/acd/},
  year = {n.d.}
}

@ARTICLE{Blust2008,
  author = {Robert Blust},
  year = {2008},
  title = {Remote Melanesia: One History or Two? An Addendum to Donohue and
	Denham},
  journal = {Oceanic Linguistics},
  volume = {47},
  pages = {445-459},
  number = {2},
  _orig = {Blust, Robert. 2008. Remote Melanesia: One History or Two? An Addendum
	to Donohue and Denham. Oceanic Linguistics 47(2). 445--459.},
  alnumcodes = {taya1257},
  languoidbase_ids = {25879}
}

@BOOK{Blust2009,
  author = {Robert A. Blust},
  year = {2009},
  title = {The Austronesian languages},
  address = {Canberra},
  publisher = {Research School of Pacific and Asian Studies, Australian National
	University},
  volume = {602},
  pages = {xxviii+824},
  series = {Pacific Linguistics},
  _orig = {Blust, Robert. 2009. The Austronesian languages. Canberra: Pacific
	Linguistics.},
  isbn = {9780858836020}
}

@ARTICLE{Blust1993,
  author = {Blust, Robert Andrew},
  year = {1993},
  title = {Austronesian sibling terms and culture history},
  journal = {Bijdragen tot de Taal-, Land- en Volkenkunde},
  volume = {149},
  pages = {22-76},
  number = {1},
  _orig = {Blust, Robert Andrew. 1993. Austronesian sibling terms and culture
	history. Bijdragen tot de Taal-, Land- en Volkenkunde 149(1): 22-76.}
}

@MISC{BlustEtAl2010,
  _orig = {Blust, Robert and Stephen Trussel. 2010. Austronesian Comparative
	Dictionary, web edition. Online: http://www.trussel2.com/acd/.},
  author = {Blust, Robert and Trussel, Stephen},
  title = {Austronesian Comparative Dictionary, web edition},
  url = {http://www.trussel2.com/acd/},
  year = {2010}
}

@INCOLLECTION{Bossong1991,
  author = {Bossong, Georg},
  year = {1991},
  title = {Differential object marking in Romance and beyond},
  booktitle = {New analyses in Romance linguistics, selected papers from the XVIII
	linguistic symposium on Romance languages 1988},
  editor = {Dieter Wanner and Douglas A. Kibbee},
  address = {Amsterdam},
  publisher = {Benjamins},
  pages = {143-170},
  _orig = {Bossong, Georg. 1991. Differential object marking in Romance and beyond.
	In Dieter Wanner and Douglas A. Kibbee, eds., New analyses in Romance
	linguistics, selected papers from the XVIII linguistic symposium
	on Romance languages 1988: 143-170. Amsterdam: Benjamins.}
}

@MASTERSTHESIS{Brotherson2003,
  author = {Anna Brotherson},
  title = {A Spatial Odyssey: Referring to Space in Makasai},
  school = {Australian National University},
  year = {2003},
  address = {Canberra},
  _orig = {Brotherson, Anna. 2003. A spatial odyssey: Referring to space in Makasai.
	BA thesis, Australian National University, Canberra.},
  lgcode = {mkz},
  superseded = {s:Huber:Makasae}
}

@BOOK{BrownEtAlinpreparation,
  author = {Brown, Dunstan and Sebastian Fedden},
  year = {In preparation},
  title = {Canonical agreement in the Alor-Pantar languages},
  _orig = {Brown, Dunstan and Sebastian Fedden. In preparation. Canonical agreement
	in the Alor-Pantar languages.}
}

@ARTICLE{Burenhult2008,
  author = {Burenhult, Niclas},
  year = {2008},
  title = {Spatial coordinate systems in demonstrative meaning},
  journal = {Linguistic Typology},
  volume = {12},
  number = {99-142},
  _orig = {Burenhult, Niclas. 2008. Spatial coordinate systems in demonstrative
	meaning. Linguistic Typology 12: 99-142.}
}

@ARTICLE{Calon1890,
  author = {Calon, L.F.},
  year = {1890},
  title = {Woordenlijstje van het dialect van Sikka},
  journal = {Tijdschrift voor Indische Taal-, Land- en Volkenkunde},
  volume = {33},
  pages = {501-530},
  _orig = {Calon, L.F. 1890. Woordenlijstje van het dialect van Sikka. Tijdschrift
	voor Indische Taal-, Land- en Volkenkunde 33. 501-530.}
}

@BOOK{CampbellEtAl2008,
  author = {Campbell, Lyle and Poser, William J.},
  year = {2008},
  title = {Language Classification: History and Method},
  publisher = {Cambridge University Press},
  _orig = {Campbell, Lyle and William J. Poser. 2008. Language Classification:
	History and Method. Cambridge: Cambridge University Press.}
}

@INCOLLECTION{Capell1976,
  author = {Capell, Arthur},
  year = {1976},
  title = {Austronesian and Papuan `mixed' languages: general remarks},
  booktitle = {New Guinea area languages and language study},
  editor = {Stephen A. Wurm},
  address = {Canberra},
  pages = {527-579},
  volume = {2},
  series = {Pacific Linguistics C40},
  _orig = {Capell, Arthur. 1976. Austronesian and Papuan `mixed' languages: general
	remarks. In Stephen A. Wurm (ed.), New Guinea area languages and
	language study, Vol. 2: Austronesian languages, 527-579. Canberra:
	Pacific Linguistics C40.}
}

@INCOLLECTION{Capell1975,
  author = {Capell, Arthur},
  year = {1975},
  title = {The West Papuan Phylum: General, and Timor and areas further west},
  booktitle = {New Guinea area languages and language study},
  editor = {Stephen A. Wurm},
  address = {Canberra},
  publisher = {Research School of Pacific and Asian Studies, Australian National
	University},
  pages = {667-716},
  volume = {1},
  edition = {Papuan Languages and the New Guinea linguistic scene},
  _orig = {Capell, Arthur. 1975. The West Papuan Phylum: General, and Timor and
	areas further west. In Stephen A. Wurm, ed., New Guinea area languages
	and language study, 667-716. Canberra: Pacific Linguistics.},
  keywords = {glotto duplicate}
}

@ARTICLE{Capell1944,
  author = {Capell, Arthur},
  year = {1944},
  title = {Peoples and languages of Timor},
  journal = {Oceania},
  volume = {15},
  pages = {19-48},
  number = {3},
  _orig = {Capell, A. 1944. Peoples and languages of Timor. Oceania 15(3): 19-48.},
  alnumcodes = {buna1278;oira1263;maka1316;tuku1254;galo1243;mamb1306;waim1252;tetu1245;uabm1237;helo1243;baik1238},
  languoidbase_ids = {28815;28819;28820;40803;40812;40819;40855;40882;40896;40907;40918},
  lgcode = {Makasai [mkz], Bunak [bfn], Waimaha [wmh], Oirata [oia], Kupang =
	Helong [heg], West Timor = Uab Meto [aoz], Vaikenu = Baikeno [bkx],
	Belu = Tetun [tet], Tukudede [tkd], Tetum = Tetun [tet], Mambai =
	Mambae [mgm], Galoli = Galoli [gal]},
  oldhhfn = {timor.zip}
}

@MASTERSTHESIS{Carr2004,
  author = {Carr, Felicita M.},
  title = {Pupuuk, Masu Moru and Data: Three genres of Makasai},
  school = {The Australian National University},
  year = {2004},
  address = {Canberra},
  _orig = {Carr, Felicita M. 2004. Pupuuk, Masu Moru and Data: Three genres of
	Makasai. MA thesis, The Australian National University, Canberra.}
}

@ARTICLE{Candice2007,
  author = {Candice Chi-Hang Cheung},
  year = {2007},
  title = {On the Noun Phrase Structure of Jingpo},
  journal = {USC Working Papers in Linguistics},
  volume = {3},
  pages = {32-56},
  _orig = {Cheung, Candice Chi-Hang. 2007. On the Noun Phrase Structure of Jingpo.
	USC Working Papers in Linguistics 3: 32-56.},
  lgcode = {Jingpho [kac]}
}

@ARTICLE{Chung2010,
  author = {Chung, Siaw-Fong},
  year = {2010},
  title = {Numeral classifier buah in Malay: A corpus-based study},
  journal = {Language and Linguistics},
  volume = {11},
  pages = {553-577},
  number = {3},
  _orig = {Chung, Siaw-Fong. 2010. Numeral classifier buah in Malay: A corpus-based
	study. Language and Linguistics 11.3: 553-577.}
}

@INCOLLECTION{Comrie1992,
  author = {Comrie, Bernard},
  year = {1992},
  title = {Balto-Slavonic},
  booktitle = {Indo-European Numerals},
  editor = {Jadranka Gvozdanovi{\'c}

	},
  address = {Berlin and New York},
  publisher = {Mouton de Gruyter},
  pages = {717-833},
  number = {57},
  series = {Trends in Linguistics},
  _orig = {Comrie, Bernard. 1992. Balto-Slavonic. In Jadranka Gvozdanovi{\'c}
	(ed.), Indo-European Numerals (Trends in Linguistics 57), 717-833.
	Berlin/New York: Mouton de Gruyter.}
}

@INCOLLECTION{Comrie2005numbase,
  author = {Comrie, Bernard},
  year = {2005},
  title = {Numeral bases},
  booktitle = {World Atlas of Language Structures},
  editor = {Martin Haspelmath and Matthew S. Dryer and Bernard Comrie and David
	Gil},
  address = {Oxford},
  publisher = {Oxford University Press},
  pages = {530--533},
  _orig = {Comrie, Bernard. 2005. Numeral bases. In Martin Haspelmath, Matthew
	S. Dryer, Bernard Comrie & David Gil (eds.), World Atlas of Language
	Structures, 530--533. Oxford: Oxford University Press.}
}

@INCOLLECTION{Comrie2005numsys,
  author = {Comrie, Bernard},
  year = {2005},
  title = {Endangered numeral systems},
  booktitle = {Bedrohte Vielfalt: Aspekte des Sprach(en)tods [Endangered Diversity:
	Aspects of Language Death]},
  editor = {Jan Wohlgemuth and Tyko Dirksmeyer},
  address = {Berlin},
  publisher = {Wei{\ss}ensee Verlag},
  pages = {203--230},
  _orig = {Comrie, Bernard. 2005. `Endangered numeral systems'. In Jan Wohlgemuth
	and Tyko Dirksmeyer (eds.) Bedrohte Vielfalt: Aspekte des Sprach(en)tods
	[Endangered Diversity: Aspects of Language Death], 203--230. Berlin:
	Wei{\ss}ensee Verlag, 203-230.}
}

@BOOK{Coolhaas1979,
  author = {Coolhaas, W. Ph.},
  year = {1979},
  title = {Generale missiven van gouverneurs-generaal en raden aan Heren XVII
	der Verenigde Oostindische Compagnie},
  address = {s Gravenhage},
  publisher = {Martinus},
  volume = {VII},
  _orig = {Coolhaas, W. Ph. 1979. Generale missiven van gouverneurs-generaal
	en raden aan Heren XVII der Verenigde Oostindische Compagnie, Volume
	VII. s Gravenhage: Martinus Nijhoff.}
}

@BOOK{Greville2000,
  author = {Greville G. Corbett},
  year = {2000},
  title = {Number},
  address = {Cambridge},
  publisher = {Cambridge University Press},
  series = {Cambridge Textbooks in Linguistics},
  _orig = {Corbett, Greville G. 2000. Number. Cambridge: Cambridge University
	Press.},
  keywords = {Count-mass distinction, Number, Typology}
}

@ARTICLE{Cowan1957,
  author = {H. K. J. Cowan},
  year = {1957},
  title = {A Large Papuan Language Phylum in West New Guinea},
  journal = {Oceania},
  volume = {28},
  pages = {159-166},
  _orig = {Cowan, H. K. J. 1957. A large Papuan language phylum in West New Guinea.
	Oceania 28: 159-66.}
}

@BOOK{Cowan1953,
  author = {Cowan, Hendrik Karel Jan},
  year = {1953},
  title = {Voorlopige resultaten van een ambtelijk taalonderzoek in Nieuw-Guinea},
  address = {'S-Gravenhage},
  publisher = {Martinus Nijhoff},
  pages = {48},
  note = {Mit einer Zsfassung in englischer Sprache},
  _orig = {Cowan, H.K.J. 1953. Voorlopige Resultaten van een Ambtelijk Taalonderzoek
	in Nieuw-Guinea. 's-Gravenhage: Marinus Nijhoff.},
  alnumcodes = {kara1499},
  languoidbase_ids = {26920}
}

@INCOLLECTION{Croft1988,
  author = {Croft, William},
  year = {1988},
  title = {Agreement vs. case marking in direct objects},
  booktitle = {Agreement in natural languages. Approaches, theories, descriptions},
  editor = {Michael Barlow and Charles A. Ferguson},
  address = {Stanford},
  publisher = {Center for the Study of Language and Information},
  pages = {159-180},
  _orig = {Croft, William. 1988. Agreement vs. case marking and direct objects.
	In Michael Barlow and Charles A. Fergusson, eds., Agreement in natural
	language: Approaches, theories, descriptions: 159-180. Stanford:
	Center for the Study of Language and Information.}
}

@BOOK{DalrympleEtAl2011,
  author = {Dalrymple, Mary and Irina Nikolaeva},
  year = {2011},
  title = {Objects and information structure},
  address = {Cambridge},
  publisher = {Cambridge University Press},
  _orig = {Dalrymple, Mary, and Irina Nikolaeva. 2011. Objects and information
	structure. Cambridge: Cambridge University Press.}
}

@INCOLLECTION{Delancey1985,
  author = {DeLancey, Scott},
  year = {1985},
  title = {On active typology and the nature of agentivity},
  booktitle = {Relational typology},
  editor = {Frans Plank},
  address = {Berlin},
  publisher = {Mouton},
  pages = {47-60},
  volume = {2},
  _orig = {DeLancey, Scott. 1985. On active typology and the nature of agentivity.
	In Frans Plank, ed., Relational typology: 47-60. Berlin: Mouton.},
  journal = {Trends in Linguistics, Studies and Monographs},
  typ = {incollection}
}

@BOOK{Diessel1999,
  author = {Diessel, Holger},
  year = {1999},
  title = {Demonstratives: form, function, and grammaticalization},
  address = {Amsterdam},
  publisher = {John Benjamins},
  volume = {42},
  series = {Typological Studies in Language},
  _orig = {Diessel, Holger. 1999. Demonstratives: Form, function, and grammaticalisation.
	Amsterdam/Philadelphia: John Benjamins.},
  journal = {TSL}
}

@ARTICLE{Dietrich1984,
  author = {Dietrich, Stefan},
  year = {1984},
  title = {A Note on Galiyao and the Early History of the Solor-Alor Islands},
  journal = {Bijdragen tot de Taal-, Land- en Volkenkunde},
  volume = {140},
  pages = {317-326},
  _orig = {Dietrich, Stefan. 1984. A Note on Galiyao and the Early History of
	the Solor-Alor Islands, Bijdragen tot de Taal-, Land- en Volkenkunde
	140:317-326.}
}

@BOOK{Dixon1972,
  author = {R.M.W. Dixon},
  year = {1972},
  title = {The Dyirbal language of North Queensland},
  address = {Cambridge},
  publisher = {Cambridge University Press},
  volume = {9},
  pages = {452},
  series = {Studies in Linguistics},
  _orig = {Dixon, R. M. W. 1972. The Dyirbal language of North Queensland. Cambridge,
	England: Cambridge University.},
  aiatsis_callnumber = {B D621.81/D1 2 Book Open Stack},
  aiatsis_code = {Y121, Y122, Y123, Y124, Y126, Y127, D1},
  aiatsis_reference_language = {Gulngay, Ngadjan, DYIRBAL, Girramay, Dulgubarra Mamu, Djiru, Wemba
	Wemba},
  alnumcodes = {dyir1250},
  isbn = {9780521085106},
  keywords = {Australia, Grammar, Nominal classification},
  languoidbase_ids = {43962},
  lgcode = {Dyirbal [dbl]},
  ozbib_id = {1510},
  ozbibnote = {[Review Oceania 44, Yallop; Lingua 44, Blake; General Linguistics
	16, Klokeid; Language 54, Rigsby]},
  ozbibreftype = {6}
}

@ARTICLE{Dixon2003,
  author = {Dixon, R. M. W.},
  year = {2003},
  title = {Demonstratives: a cross-linguistic typology},
  journal = {Studies in Language},
  volume = {27},
  pages = {61-112},
  number = {1},
  _orig = {Dixon, R. M. W. 2003. Demonstratives: A cross-linguistic typology.
	Studies in Language 27(1): 61-112.},
  aiatsis_code = {Y123},
  aiatsis_reference_language = {DYIRBAL},
  lgcode = {Dyirbal [dbl]},
  ozbib_id = {1604},
  ozbibreftype = {17}
}

@INCOLLECTION{Donohue2008boundpron,
  author = {Donohue, Mark},
  year = {2008},
  title = {Bound pronominals in the West Papuan languages},
  booktitle = {Morphology and language history: In honour of Harold Koch},
  editor = {Claire Bowern and Bethwyn Evans and Luisa Miceli},
  address = {Amsterdam},
  publisher = {John Benjamins},
  pages = {43-58},
  _orig = {Donohue, Mark. 2008. Bound pronominals in the West Papuan languages.
	In Claire Bowern, Bethwyn Evans and Luisa Miceli, eds., Morphology
	and language history: In honour of Harold Koch: 43-58. Amsterdam:
	John Benjamins.},
  keywords = {glotto duplicate}
}

@ARTICLE{Donohue2008num,
  author = {Donohue, Mark},
  year = {2008},
  title = {Complexities with restricted numeral systems},
  journal = {Linguistic Typology},
  volume = {12},
  pages = {423-429},
  _orig = {Donohue, Mark. 2008. Complexities with restricted numeral systems.
	Linguistic Typology 12. 423-429.}
}

@MISC{Donohue2007,
  author = {Donohue, Mark},
  title = {The phonological history of the languages of the non-Austronesian
	languages of Southern Indonesia},
  howpublished = {Paper presented at the Fifth East Nusantara Conference},
  month = {August 1-3},
  year = {2007},
  _orig = {Donohue, Mark. 2007b. The phonological history of the languages of
	the non-Austronesian languages of Southern Indonesia. Paper presented
	at the Fifth East Nusantara Conference. Kupang, Indonesia, August
	1-3.},
  address = {Kupang, Indonesia}
}

@ARTICLE{Donohue2007,
  author = {Mark Donohue},
  year = {2007},
  title = {The Papuan Language of Tambora},
  journal = {Oceanic Linguistics},
  volume = {46},
  pages = {520-537},
  number = {2},
  _orig = {Donohue, Mark. 2007a. The Papuan language of Tambora. Oceanic Linguistics
	46(2): 520-37.},
  lgcode = {Tambora [xxt]}
}

@ARTICLE{Donohue1996,
  author = {Donohue, Mark},
  year = {1996},
  title = {Inverse in Tanglapui},
  journal = {Language and Linguistics in Melanesia},
  volume = {27},
  pages = {101-118},
  number = {2},
  _orig = {Donohue, Mark. 1996. Inverse in Tanglapui. Language and Linguistics
	in Melanesia 27(2).101-18.}
}

@MISC{DonohueEtAl2007,
  author = {Donohue, Mark and Antoinette Schapper},
  title = {Towards a morphological history of the languages of Timor, Alor,
	and Pantar},
  howpublished = {Paper presented at the Fifth East Nusantara Conference. Universitas
	Nusa Cendana, Kupang, Nusa Tenggara Timur, Indonesia, August 1-3},
  year = {2007},
  _orig = {Donohue, Mark and Antoinette Schapper. 2007. Towards a morphological
	history of the languages of Timor, Alor and Pantar. Paper presented
	at the Fifth East Nusantara Conference. Kupang, Indonesia, August
	1-3.},
  alnumcodes = {uabm1237},
  languoidbase_ids = {40896},
  lgcode = {Uab Meto [aoz] (computerized assignment from "languages and timor")}
}

@BOOK{DonohueEtAl2008,
  author = {Donohue, Mark and S{\o}ren Wichmann},
  year = {2008},
  title = {The typology of semantic alignment},
  address = {Oxford},
  publisher = {Oxford University Press},
  _orig = {Donohue, Mark and S{\o}ren Wichmann, eds., 2008. The typology of
	semantic alignment. Oxford: Oxford University Press.}
}

@ARTICLE{Dowty1991,
  author = {Dowty, David},
  year = {1991},
  title = {Thematic proto-roles and argument selection},
  journal = {Language},
  volume = {67},
  pages = {547-619},
  number = {3},
  _orig = {Dowty, David. 1991. Thematic proto-roles and argument selection. Language
	67(3): 547-619.}
}

@BOOK{Drabbe1955,
  author = {Drabbe, Peter},
  year = {1955},
  title = {Spraakkunst van het Marind: Zuidkust Nederlands Nieuw-Guinea},
  address = {Wien-M{\"o}dling},
  publisher = {Drukkerij van het Missiehuis St.~Gabri{\"e}l},
  volume = {11},
  pages = {189},
  series = {Studia Instituti Anthropos},
  _orig = {Drabbe, Peter. 1955. Spraakkunst van het Marind, (Studia Instituti
	Anthropos Vol. 11). Vienna.},
  alnumcodes = {nucl1622},
  languoidbase_ids = {44572},
  lgcode = {Marind [mrz]}
}

@BOOK{Drabbe1952,
  author = {Drabbe, Peter},
  year = {1952},
  title = {Spraakkunst van het Ekagi: Wisselmeren Ned. N. Guinea},
  address = {The Hague},
  publisher = {Martinus Nijhoff},
  pages = {90},
  _orig = {Drabbe, Peter. 1952. Spraakkunst van het Ekagi, Wisselmeren, Nederlands
	Nieuw Guinea. Den Haag: Marinus Nijhoff.},
  alnumcodes = {ekar1243},
  languoidbase_ids = {43309},
  lgcode = {Ekari [ekg]}
}

@ARTICLE{DrummondEtAl2012,
  author = {Drummond, A. J. and Suchard, M. A. and Xie, D. and Rambaut, A.},
  year = {2012},
  title = {Bayesian phylogenetics with BEAUti and the BEAST 1.7.},
  journal = {Molecular Biology and Evolution},
  volume = {29},
  pages = {1969-1973},
  number = {8},
  _orig = {Drummond, Alexei J., Marc A. Suchard, Dong Xie and Andrew Rambaut.
	2012. Bayesian phylogenetics with BEAUti and the BEAST 1.7. Molecular
	Biology and Evolution 29(8): 1969-73.},
  added = {2012-03-28 15:38:18 -0400},
  doi = {10.1093/molbev/mss075},
  shorttitle = {Bayesian phylogenetics with BEAUti and the BEAST 1.7.}
}

@INCOLLECTION{Dryer2011,
  author = {Dryer, Matthew S.},
  year = {2011},
  title = {Coding of Nominal Plurality},
  booktitle = {The World Atlas of Language Structures Online},
  editor = {Dryer, Matthew S. and Haspelmath, Martin},
  address = {Munich},
  publisher = {Max Planck Digital Library},
  chapter = {33},
  _orig = {Dryer, Matthew S. 2011. Coding of Nominal Plurality. In Dryer, Matthew
	S. and Haspelmath, Martin (eds.), The World Atlas of Language Structures
	Online. Munich: Max Planck Digital Library, chapter 33. Available
	online at http://wals.info/chapter/33. Accessed on 2011-09-01.},
  lastchecked = {2011-09-01},
  url = {http://wals.info/chapter/33}
}

@INCOLLECTION{Dryer2007,
  author = {Dryer, Matthew S.},
  year = {2007},
  title = {Noun phrase structure},
  booktitle = {Language Typology and Syntactic Description. Complex Constructions},
  editor = {Shopen, Timothy},
  address = {Cambridge},
  publisher = {Cambridge University Press},
  pages = {151-205},
  volume = {2},
  _orig = {Dryer, Matthew S. 2007. Noun phrase structure. In Shopen, Timothy
	(ed.), Language Typology and Syntactic Description. Volume II: Complex
	Constructions. Cambridge: Cambridge University Press, 151-205.}
}

@ARTICLE{Dryer1989,
  author = {Dryer, Matthew S.},
  year = {1989},
  title = {Plural words},
  journal = {Linguistics},
  volume = {27},
  pages = {865-895},
  _orig = {Dryer, Matthew S. 1989. Plural words. Linguistics 27: 865-895.},
  lgcode = {Afudu [NOCODE_Afudu] (computerized assignment from "words")}
}

@ARTICLE{Dryer1986,
  author = {Dryer, Matthew S.},
  year = {1986},
  title = {Primary objects, secondary objects and antidative},
  journal = {Language},
  volume = {62},
  pages = {808-845},
  number = {4},
  _orig = {Dryer, Matthew S. 1986. Primary objects, secondary objects, and antidative.
	Language 62(4): 808-845.},
  keywords = {Syntax, Typology}
}

@BOOK{Du1960,
  author = {Du Bois, Cora.},
  year = {1960},
  title = {The People of Alor},
  address = {New York},
  publisher = {Harper Torchbooks},
  edition = {[1944]},
  _orig = {Du Bois, Cora. 1960 [1944]. The People of Alor. New York: Harper Torchbooks.}
}

@BOOK{Du1944,
  author = {Du Bois, Cora},
  year = {1944},
  title = {The people of Alor: a social-psychological study of an East Indian
	island},
  address = {Minneapolis},
  publisher = {University of Minnesota Press},
  pages = {654},
  _orig = {Du Bois, Cora. 1944. The People of Alor. Minneapolis: University of
	Minnesota Press.},
  alnumcodes = {alor1247},
  languoidbase_ids = {40781},
  lgcode = {Alor [aol]}
}

@ARTICLE{DunnEtAl2011,
  author = {Michael Dunn and Niclas Burenhult and Nicole Kruspe and Sylvia Tufvesson
	and Neele Becker},
  year = {2011},
  title = {Aslian linguistic prehistory: A case study in computational phylogenetics},
  journal = {Diachronica},
  volume = {28},
  pages = {291-323},
  number = {3},
  _orig = {Dunn, Michael, Niclas Burenhult, Nicole Kruspe, Sylvia Tufvesson and
	Neele Becker. 2011. Aslian linguistic prehistory. Diachronica 28(3):
	291-323.},
  alnumcodes = {sema1265;besi1244;jahh1242;chew1245;tong1308;kens1248;kint1239;minr1238;jeha1242;bate1262;sema1266;semn1250;lano1248;temi1246},
  languoidbase_ids = {35372;35375;35384;35393;35396;35398;35408;35410;35411;35414;35421;35436;35438;35440},
  lgcode = {Ten'en Palian = Tonga [tnz], Ten'en Paborn = Tonga [tnz], Kensiw Perak
	= Kensiu [kns], Kensiw Kedah = Kensiu [kns], Kintaq = Kintaq [knq],
	Jahai Banun = Jehai [jhi], Sungai Banun = Jehai [jhi], Jahai Rual
	= Jehai [jhi], Menriq Lah = Minriq [mnq], Menriq Rual = Minriq [mnq],
	Batek Teh Taku = Batek [btq], Batek Teh Lebir = Batek [btq], Batek
	Teq = Batek [btq], Bateq Deq Terengganu = Batek [btq], Batek Deq
	Koh = Batek [btq], Ceq Wong [cwg], Semnam Bal = Semnam [ssm], Semnam
	Malau = Semnam [ssm], Lanoh Kertei = Lanoh [lnh], Temiar Kelantan
	= Temiar [tea], Temiar Perak = Temiar [tea], Semai Ringlet = Semai
	[sea], Semai Kampar = Semai [sea], Jah Hut [jah], Mah Meri [mhe],
	Semaq Beri Berua [szc], Semaq Beri Pergam [szc], Semelai}
}

@INCOLLECTION{Ebert2003,
  author = {Ebert, Karen H.},
  year = {2003},
  title = {Kiranti languages: an overview},
  booktitle = {The Sino-Tibetan languages},
  editor = {Graham Thurgood and Randy J. LaPolla},
  address = {London \&New York},
  publisher = {Routledge},
  pages = {505-517},
  series = {Routledge Language Family Series},
  _orig = {Ebert, Karen. 2003. Kiranti languages: An overview. In G. Thurgood
	and R. J. LaPolla, (eds.), The Sino-Tibetan Languages, 505-517. London,
	Routledge.},
  alnumcodes = {bant1281},
  languoidbase_ids = {27990}
}

@INCOLLECTION{VanEngelenhoeven2010,
  author = {van Engelenhoven, Aone Th.P.G.},
  year = {2010},
  title = {Verb Serialisation in Fataluku. The case of take.},
  booktitle = {Converbs, Medial Verbs, Clause Chaining and Related Issues},
  editor = {Azeb, A. and V{\"o}llmin, S. and Rapold, Ch. and Zaug-Coretti, S.},
  address = {K{\"o}ln},
  publisher = {R{\"u}diger K{\"o}ppe Verlag},
  pages = {185-211},
  _orig = {Engelenhoven A.Th.P.G. van (2010), Verb Serialisation in Fataluku.
	The case of take. In: Azeb A, V{\"o}llmin S, Rapold Ch., Zaug-Coretti
	S (Eds.) Converbs, Medial Verbs, Clause Chaining and Related Issues.
	K{\"o}ln: R{\"u}diger K{\"o}ppe Verlag. 185-211.}
}

@INCOLLECTION{VanEngelenhoeven2009,
  author = {van Engelenhoven, Aone Th.P.G.},
  year = {2009},
  title = {On derivational processes in Fataluku, a non-Austronesian language
	in East-Timor},
  booktitle = {The Linguistics of Endangered Languages, Contributions to Morphology
	and Morpho-Syntax},
  editor = {Wetzels, W.L.},
  address = {Utrecht},
  publisher = {Netherlands Graduate School of Linguistics},
  pages = {331-362},
  _orig = {Engelenhoven A.Th.P.G. van (2009), On derivational processes in Fataluku,
	a non-Austronesian language in East-Timor. In: Wetzels W.L. (Ed.)
	The Linguistics of Endangered Languages, Contributions to Morphology
	and Morpho-Syntax. Utrecht: Netherlands Graduate School of Linguistics.
	331-362.}
}

@ARTICLE{Evans2009,
  author = {Evans, Nicholas},
  year = {2009},
  title = {Two plus one makes thirteen: Senary numerals in the Morehead-Maro
	region},
  journal = {Linguistic Typology},
  volume = {13},
  pages = {321-335},
  _orig = {Evans, Nicholas. 2009. Two plus one makes thirteen: Senary numerals
	in the Morehead-Maro region. Linguistic Typology 13. 321-335.}
}

@BOOK{FeddenEtAl2010,
  author = {Fedden, Sebastian and Dunstan Brown and Greville G. Corbett},
  year = {2010},
  title = {Conditions on pronominal marking: A set of 42 video stimuli for field
	elicitation},
  series = {Surrey Morphology Group},
  _orig = {Fedden, Sebastian, Dunstan Brown and Greville G. Corbett. 2010. Conditions
	on pronominal marking: A set of 42 video stimuli for field elicitation.
	Surrey Morphology Group, University of Surrey [Available at: http://www.alor-pantar.surrey.ac.uk/index.php/field-materials/].},
  school = {University of Surrey},
  url = {http://www.alor-pantar.surrey.ac.uk/index.php/field-materials/}
}

@ARTICLE{FeddenEtAl2013,
  author = {Fedden, Sebastian and Dunstan Brown and Greville G. Corbett and Marian
	Klamer and Gary Holton and Laura C. Robinson and Antoinette Schapper},
  year = {2013},
  title = {Conditions on pronominal marking in the Alor-Pantar languages},
  journal = {Linguistics},
  volume = {51},
  pages = {33-74},
  number = {1},
  _orig = {Fedden, Sebastian, Dunstan Brown, Greville G. Corbett, Marian Klamer,
	Gary Holton, Laura C. Robinson, and Antoinette Schapper. 2013. Conditions
	on pronominal marking in the Alor-Pantar languages. Linguistics 51(1):
	33-74.},
  keywords = {glotto duplicate}
}

@BOOK{Fedden2011,
  author = {Fedden, Sebastian Olcher},
  year = {2011},
  title = {A Grammar of Mian},
  address = {Berlin},
  publisher = {Mouton de Gruyter},
  volume = {55},
  pages = {604},
  series = {Mouton Grammar Library},
  _orig = {Fedden, Sebastian. 2011. A Grammar of Mian. (Mouton Grammar Library,
	vol. 55.) Berlin: Walter de Gruyter.},
  lgcode = {mpt}
}

@BOOK{DonEtAl1987,
  author = {Don A.L. Flassy and Constrantinopel Ruhukael and Frans Rumbrawer},
  year = {1987},
  title = {Fonologi Bahasa Bahaam},
  address = {Jakarta},
  publisher = {Departmen Pendidikan dan Kebudayaan},
  pages = {148},
  _orig = {Flassy, Don A.L., Constantinoepel Ruhukael and Frans Rumbrawe. 1987.
	Fonologi bahasa Bahaam. Jakarta: Departemen Pendidikan dan Kebudayaan.},
  alnumcodes = {baha1258},
  languoidbase_ids = {26918},
  lgcode = {bdw}
}

@BOOK{DonEtAl1992,
  author = {Don A. L. Flassy and Lisidius Animung},
  year = {1992},
  title = {Struktur Bahasa Iha},
  address = {Jakarta},
  publisher = {Pusat Pembinaan dan Pengembangan Bahasa, Departemen Pendidikan dan
	Kebudayaan},
  pages = {xiii+110},
  _orig = {Flassy, Don A.L. and Lisidius Animung. 1992. Struktur Bahasa Iha.
	Jakarta: Pusat Bahasa dan Pengembangan Bahasa, Departemen Pendidikan
	Nasional.},
  lgcode = {Iha [ihp]}
}

@BOOK{Foley1986,
  author = {Foley, William},
  year = {1986},
  title = {The Papuan Languages of New Guinea},
  address = {Cambridge},
  publisher = {Cambridge University Press},
  pages = {xiii+305},
  series = {Cambridge language surveys},
  _orig = {Foley, William A. 1986. The Papuan Languages of New Guinea. Cambridge:
	Cambridge University Press.},
  alnumcodes = {naas1242},
  isbn = {9780521286213},
  issn = {99-0204055-1},
  keywords = {Oceania},
  languoidbase_ids = {34116},
  lgcode = {nas}
}

@INCOLLECTION{Foley1998,
  author = {Foley, William A.},
  year = {1998},
  title = {Toward understanding Papuan languages},
  booktitle = {Perspectives on the Bird's Head of Irian Jaya, Indonesia},
  editor = {Jelle Miedema and Cecilia Od{\'e} and Rien A.C. Dam},
  address = {Amsterdam},
  publisher = {Rodopi},
  pages = {503-518},
  _orig = {Foley, William A. 1998. Toward understanding Papuan languages. In
	Jelle Miedema, Cecilia Od{\'e} and Rien A.C. Dam, eds., Perspectives
	on the Bird's Head of Irian Jaya, Indonesia: 503-18. Amsterdam: Rodopi.}
}

@ARTICLE{Foley2000,
  author = {Foley, William A.},
  year = {2000},
  title = {The languages of New Guinea},
  journal = {Annual Review of Anthropology},
  volume = {29},
  pages = {357-404},
  number = {1},
  _orig = {Foley, William A. 2000. The languages of New Guinea. Annual Review
	of Anthropology.357-404.},
  oldhhfn = {foley2000.zip}
}

@ARTICLE{Forman1980,
  author = {Forman, Shepard},
  year = {1980},
  title = {Descent, alliance, and exchange ideology among the Makassae of East
	Timor},
  journal = {The flow of life: Essays on eastern Indonesia},
  pages = {152-177},
  _orig = {Forman, Shepard. 1980. Descent, alliance, and exchange ideology among
	the Makassae of East Timor. The flow of life: Essays on eastern Indonesia:
	152-77.}
}

@INCOLLECTION{Forth1993,
  author = {Forth, Gregory},
  year = {1993},
  title = {Ritual and ideology in Nage mortuary culture},
  booktitle = {Social constructions of death in Southeast Asia.},
  editor = {Tong Chee Kiong and A. Schiller},
  pages = {37-61},
  volume = {21},
  number = {2},
  series = {Special issue of Southeast Asian Journal of Social Science},
  _orig = {Forth, Gregory. 1993. Ritual and ideology in Nage mortuary culture.
	In Tong Chee Kiong & A. Schiller (eds.) Social constructions of death
	in Southeast Asia. Special issue of Southeast Asian Journal of Social
	Science 21(2). 37-61.}
}

@BOOK{Forth2004,
  author = {Forth, Gregory},
  year = {2004},
  title = {Nage birds: Classification and Symbolism among an Eastern Indonesian
	people},
  address = {London and New York},
  publisher = {Routledge},
  _orig = {Forth, Gregory. 2004. Nage birds: Classification and Symbolism among
	an Eastern Indonesian people. London/New York: Routledge.},
  keywords = {glotto duplicate}
}

@BOOK{Forth1981,
  author = {Forth, Gregory},
  year = {1981},
  title = {Rindi: An ethnographic study of a traditional domain in Eastern Sumba},
  address = {The Hague},
  publisher = {Martinus Nijhoff},
  _orig = {Forth, Gregory. 1981. Rindi: An ethnographic study of a traditional
	domain in Eastern Sumba. The Hague: Martinus Nijhoff.}
}

@INCOLLECTION{Fox1995,
  author = {Fox, James J.},
  year = {1995},
  title = {Origin structures and systems of precedence in the comparative study
	of Austronesian societies},
  _orig = {Fox, James J. 1995. Origin structures and systems of precedence in
	the comparative study of Austronesian societies. Paper read at Austronesian
	Studies Relating to Taiwan, Symposium Series of the Institute of
	History and Philology: Academia Sinica, at Taipei.},
  howpublished = {Paper read at Austronesian Studies Relating to Taiwan, Symposium
	Series of the Institute of History and Philology}
}

@BOOK{Fox1980,
  author = {Fox, James J.},
  year = {1980},
  title = {The Flow of Life: Essays on Eastern Indonesian},
  address = {Cambridge},
  publisher = {Cambridge University Press},
  _orig = {Fox, James J., ed. 1980. The Flow of Life: Essays on Eastern Indonesian.
	Cambridge: Cambridge University Press.}
}

@UNPUBLISHED{VanGaalen1945,
  author = {van Gaalen, G. A. M.},
  title = {Memorie van Overgave van den Fundgeerend Controleur van Alor G. A.
	M. van Galen},
  note = {manuscript},
  year = {1945},
  _orig = {Gaalen, G. A. M. van 1945. Memorie van Overgave van den Fundgeerend
	Controleur van Alor G.A.M. van Gaalen. Manuscript.}
}

@INCOLLECTION{Gil2013,
  author = {Gil, David},
  year = {2013},
  title = {Distributive Numerals},
  booktitle = {The World Atlas of Language Structures Online},
  editor = {Matthew Dryer and Martin Haspelmath},
  address = {Munich},
  publisher = {Max Planck Digital Library},
  chapter = {54},
  _orig = {Gil, David. 2013. Distributive Numerals. In: Matthew Dryer and Martin
	Haspelmath (eds.) The World Atlas of Language Structures Online.
	Munich: Max Planck Digital Library, chapter 54. Available online
	at http://wals.info/chapter/54. Accessed 06 May 2013.},
  lastchecked = {06 May 2013},
  url = {http://wals.info/chapter/54}
}

@INCOLLECTION{Givon1976,
  author = {Giv{\'o}n, Talmy},
  year = {1976},
  title = {Subject, topic, and grammatical agreement},
  booktitle = {Subject and topic},
  editor = {Charles Li},
  address = {New York},
  publisher = {Academic Press},
  pages = {57-98},
  _orig = {Giv{\'o}n, Talmy. 1976. Subject, topic, and grammatical agreement.
	In Charles Li, ed., Subject and topic: 57-98. New York: Academic
	Press.}
}

@UNPUBLISHED{Greenms.,
  author = {Green, Tom},
  title = {Covert clause structure in the Miskitu noun phrase},
  note = {Unpublished paper},
  year = {ms.},
  _orig = {Green, Tom. ms. Covert clause structure in the Miskitu noun phrase.
	Unpublished paper, 1992, Cambridge, MA: MIT.},
  address = {Cambridge, MA},
  school = {MIT}
}

@INCOLLECTION{Greenberg1978,
  author = {Greenberg, Joseph H.},
  year = {1978},
  title = {Generalizations about numeral systems},
  booktitle = {Universals of human language},
  editor = {Joseph H. Greenberg},
  address = {Stanford},
  publisher = {Stanford University Press},
  pages = {250-295},
  volume = {3},
  _orig = {Greenberg, Joseph H. 1978. Generalizations about numeral systems.
	In Joseph H. Greenberg (ed.), Universals of human language Vol. 3,
	250-295. Stanford: Stanford University Press.}
}

@MISC{GreenhillEtAl2005,
  _orig = {Greenhill, Simon J., Blust, Robert, & Gray, Russell D. 2005-2007.
	The Austronesian Basic Vocabulary Database (ABVD). http://language.psy.auckland.ac.nz/austronesian/
	(06 December, 2011).},
  author = {Greenhill, Simon J. and Blust, Robert and Gray, Russell D.},
  lastchecked = {06 December, 2011},
  title = {The Austronesian Basic Vocabulary Database (ABVD)},
  url = {http://language.psy.auckland.ac.nz/austronesian/},
  year = {2005-2007}
}

@BOOK{GrimesEtAl1997,
  author = {Grimes, Charles E. and Tom Therik and Barbara D. Grimes and Max Jacob},
  year = {1997},
  title = {A guide to the people and languages of Nusa Tenggara},
  address = {Kupang},
  publisher = {Artha Wacana Press},
  volume = {1},
  pages = {v+104},
  series = {Paradigma: Series B},
  _orig = {Grimes, Charles, Tom Therik, Barbara Dix Grimes, and Max Jacob. 1997.
	A guide to the people and languages of Nusa Tenggara. Kupang: Artha
	Wacana Press.}
}

@PHDTHESIS{Haan2001,
  author = {Haan, Johnson Wellem},
  title = {A grammar of Adang: A Papuan language spoken on the Island of Alor,
	East Nusa Tenggara, Indonesia},
  school = {University of Sydney},
  year = {2001},
  _orig = {Haan, Johnson Wellem. 2001. A grammar of Adang: A Papuan language
	spoken on the Island of Alor, East Nusa Tenggara, Indonesia. PhD
	Thesis, University of Sydney.}
}

@PHDTHESIS{Johnson2001,
  author = {Johnson Welem Haan},
  title = {The Grammar of Adang: A Papuan Language Spoken on the Island of Alor
	East Nusa Tenggara - Indonesia},
  school = {University of Sydney},
  year = {2001},
  address = {Sydney},
  _orig = {Haan, John. 2001. The grammar of Adang, a Papuan language spoken on
	the island of Alor, East Nusa Tenggara, Indonesia. PhD thesis, University
	of Sydney.},
  alnumcodes = {adan1251},
  languoidbase_ids = {33765},
  lgcode = {Adang [adn]},
  oldhhfn = {adang.zip},
  pages = {xix+416},
  publisher = {Univ.},
  url = {http://www-personal.arts.usyd.edu.au/jansimps/haan/}
}

@INCOLLECTION{Hajek2010,
  author = {John Hajek},
  year = {2010},
  title = {Towards a phonological overview of the vowel and consonant systems
	of East Nusantara},
  booktitle = {East Nusantara: typological and areal analyses},
  editor = {Michael C. Ewing and Marian Klamer},
  address = {Canberra},
  publisher = {Research School of Pacific and Asian Studies, Australian National
	University},
  pages = {25-46},
  volume = {618},
  series = {Pacific Linguistics},
  _orig = {Hajek, John. 2010. Towards a phonological overview of the vowel and
	consonant systems of East Nusantara. Typological and Areal Analyses:
	Contributions from East Nusantara, ed. by M. Ewing and M. Klamer,
	25-46. Canberra: Pacific Linguistics.},
  alnumcodes = {keoo1238},
  languoidbase_ids = {40741},
  lgcode = {Ke'o [xxk] (computerized assignment from "nusantara")}
}

@INCOLLECTION{Hanke2010,
  author = {Hanke, Thomas},
  year = {2010},
  title = {Additional rarities in numeral systems},
  booktitle = {Rethinking universals: How rarities affect linguistic theory},
  editor = {Jan Wohlgemuth and Michael Cysouw},
  address = {Berlin and New York},
  publisher = {Mouton de Gruyter},
  pages = {61-90},
  _orig = {Hanke, Thomas. 2010. Additional rarities in numeral systems. In Jan
	Wohlgemuth & Michael Cysouw (eds.), Rethinking universals: How rarities
	affect linguistic theory, 61-90. Berlin/New York: Mouton de Gruyter.}
}

@INCOLLECTION{Heeschen1987,
  author = {Heeschen, Volker},
  year = {1987},
  title = {Oben und Unten},
  booktitle = {Neuguinea. Nutzung und Deutung der Umwelt.},
  editor = {Mark M{\"u}nzel},
  address = {Frankfurt am Main},
  publisher = {Museum f{\"u}r V{\"o}lkerkunde},
  pages = {601-618},
  volume = {2},
  _orig = {Heeschen, Volker. 1987. Oben und Unten. Die Kategorisierung der Umwelt
	in den Sprachen Neuguineas. In Mark M{\"u}nzel (ed.), Neuguinea.
	Nutzung und Deutung der Umwelt Band 2, 601-618. Frankfurt am Main,
	Museum f{\"u}r V{\"o}lkerkunde.}
}

@INCOLLECTION{Heeschen1982,
  author = {Heeschen, Volker},
  year = {1982},
  title = {Some Systems of Spatial Deixis in Papuan Languages},
  booktitle = {Here and there. Cross-linguistic studies in deixis and demonstration.},
  editor = {J{\"u}rgen Weissenborn and Wolfgang Klein},
  address = {Amsterdam},
  publisher = {John Benjamins},
  pages = {81-109},
  _orig = {Heeschen, Volker. 1982. Some Systems of Spatial Deixis in Papuan Languages.
	In J{\"u}rgen Weissenborn and Wolfgang Klein (eds.), Here and there.
	Cross-linguistic studies in deixis and demonstration, 81-109. Amsterdam,
	John Benjamins.}
}

@BOOK{Heine1997,
  author = {Heine, Bernd},
  year = {1997},
  title = {Cognitive foundations of grammar},
  address = {Oxford},
  publisher = {Oxford University Press},
  pages = {200},
  _orig = {Heine, Bernd. 1997. Cognitive foundations of grammar. Oxford: Oxford
	University Press.}
}

@ARTICLE{HeusingerEtAl2011,
  author = {Heusinger, Klaus von and Georg Kaiser},
  year = {2011},
  title = {Affectedness and differential object marking in Spanish},
  journal = {Morphology},
  volume = {21},
  pages = {1-25},
  number = {1},
  _orig = {Heusinger, Klaus von, and Georg Kaiser. 2011. Affectedness and differential
	object marking in Spanish. Morphology 21(1): 1-25.}
}

@ARTICLE{HollandEtAl2002,
  author = {Holland, B.R. and Huber, K.T. and Dress, A. and Moulton, V.},
  year = {2002},
  title = {δ Plots: A tool for analyzing phylogenetic distance data},
  journal = {Molecular Biology and Evolution},
  volume = {19},
  pages = {2051-2059},
  number = {12},
  _orig = {Holland, B.R., K.T. Huber, A. Dress and V. Moulton. 2002. δ Plots:
	A tool for analyzing phylogenetic distance data. Molecular Biology
	and Evolution 19(12): 2051-9.}
}

@INCOLLECTION{Holton2008,
  author = {Holton, Gary},
  year = {2008},
  title = {The rise and fall of semantic alignment in North Halmahera, Indonesia},
  booktitle = {The Typology of Semantic Alignment},
  editor = {Donohue, M. and Wichmann, S.},
  address = {Oxford},
  publisher = {Oxford University Press},
  pages = {252-276},
  _orig = {Holton, Gary. 2008. The rise and fall of semantic alignment in North
	Halmahera, Indonesia. The Typology of Semantic Alignment, ed. by
	M. Donohue and S. Wichmann, 252-76. Oxford: Oxford University Press.}
}

@INCOLLECTION{Holton2010lamma,
  author = {Holton, Gary},
  year = {2010},
  title = {Person-marking, verb classes, and the notion of grammatical alignment
	in Western Pantar (Lamma)},
  booktitle = {Typological and areal analyses: Contributions from East Nusantara},
  editor = {Ewing, Michael and Klamer, Marian},
  address = {Canberra},
  publisher = {Pacific Linguistics},
  pages = {101-121},
  _orig = {Holton, Gary. 2010a. Person-marking, verb classes, and the notion
	of grammatical alignment in Western Pantar (Lamma), in: Michael Ewing
	and Marian Klamer (eds), Typological and areal analyses: Contributions
	from East Nusantara, 101-121. Canberra: Pacific Linguistics.}
}

@INPROCEEDINGS{Holtonnd,
  author = {Holton, Gary},
  title = {Numeral classifiers and number in two Papuan outliers of East Nusantara},
  booktitle = {Number in East Nusantara. Proceedings of the panel at the International
	Conference of Austronesian Languages, Bali, 2012.},
  year = {n.d.},
  editor = {Klamer, Marian and Kratochv{\'\i}l, Franti{\v s}ek},
  publisher = {to appear},
  _orig = {Holton, Gary. To appear a. Numeral classifiers and number in two Papuan
	outliers of East Nusantara. In Klamer, Marian and Frantisek Kratochvil
	(eds.), Number in East Nusantara. Proceedings of the panel at the
	International Conference of Austronesian Languages, Bali, 2012.}
}

@INCOLLECTION{Holton2011,
  author = {Holton, Gary},
  year = {2011},
  title = {Landscape in Western Pantar, a Papuan outlier of southern Indonesia},
  booktitle = {Landscape in Language},
  editor = {David M. Mark and Andrew G. Turk and Niclas Burenhult and David Stea},
  address = {Amsterdam},
  publisher = {John Benjamins},
  pages = {143-166},
  _orig = {Holton, Gary. 2011. Landscape in Western Pantar, a Papuan outlier
	of southern Indonesia. In David M. Mark, Andrew G. Turk, Niclas Burenhult
	and David Stea (eds.), Landscape in Language, 143-166. Amsterdam,
	John Benjamins.}
}

@INCOLLECTION{HoltontoappearNusantara,
  author = {Holton, Gary},
  year = {To appear},
  title = {The Papuan Languages of East Nusantara},
  booktitle = {Oceania},
  editor = {Palmer, Bill},
  address = {Berlin and New York},
  publisher = {Mouton de Gruyter}
}

@INCOLLECTION{HoltontoappearTAP,
  author = {Holton, Gary},
  year = {To appear},
  title = {Western Pantar},
  booktitle = {Papuan Languages of Timor-Alor-Pantar: Sketch Grammars.},
  editor = {Schapper, Antoinette},
  address = {Canberra},
  publisher = {Pacific Linguistics}
}

@MISC{Holtonnda,
  _orig = {Holton, Gary. n.d. Western Pantar lexicon. http://www.uaf.edu/alor/langs/western-pantar/lexicon/.
	(Accessed 06 December, 2011).},
  author = {Holton, Gary},
  lastchecked = {06 December, 2011},
  title = {Western Pantar lexicon},
  url = {http://www.uaf.edu/alor/langs/western-pantar/lexicon/},
  year = {n.d.}
}

@MISC{Holton2012,
  author = {Holton, Gary},
  title = {Number in the Papuan outliers of East Nusantara},
  howpublished = {Paper presented at the International Conference on Austronesian Linguistics,
	Bali, 5 July 2012.},
  month = {July},
  year = {2012},
  _orig = {Holton, Gary. 2012. Number in the Papuan outliers of East Nusantara.
	Paper presented at the International Conference on Austronesian Linguistics,
	Bali, 5 July 2012.},
  address = {Bali},
  organization = {International Conference on Austronesian Linguistics}
}

@UNPUBLISHED{Holton2010galiyao,
  author = {Holton, Gary},
  title = {An etymology for Galiyao},
  note = {University of Fairbanks},
  year = {2010},
  _orig = {Holton, Gary. 2010b. An etymology for Galiyao. Unpublished ms., University
	of Fairbanks.}
}

@MISC{Holton2007,
  _orig = {Holton, Gary. 2007. Directionals and spatial deixis. An Overview of
	Western Pantar. Online: http://www.uaf.edu/alor/langs/western-pantar/directionals.html.},
  author = {Holton, Gary},
  title = {Directionals and spatial deixis. An Overview of Western Pantar.},
  url = {http://www.uaf.edu/alor/langs/western-pantar/directionals.html.},
  year = {2007}
}

@BOOK{Holton2003,
  author = {Holton, Gary},
  year = {2003},
  title = {Tobelo},
  address = {M{\"u}nchen},
  publisher = {Lincom},
  volume = {328},
  pages = {99},
  series = {Languages of the World/Materials},
  _orig = {Holton, Gary. 2003. Tobelo, (Languages of the World/Materials 328).
	Munich: LINCOM Europa.},
  alnumcodes = {tobe1252},
  isbn = {9783895867064},
  languoidbase_ids = {44878},
  lgcode = {Tobelo [tlb]}
}

@ARTICLE{HoltonEtAl2012,
  author = {Holton, Gary and Marian Klamer and Franti{\v s}ek Kratochv{\'\i}l
	and Laura C. Robinson and Antoinette Schapper.},
  year = {2012},
  title = {The historical relations of the Papuan languages of Alor and Pantar},
  journal = {Oceanic Linguistics},
  volume = {51},
  pages = {86-122},
  number = {1},
  _orig = {Holton, Gary, Marian Klamer, Franti{\v s}ek Kratochv{\'\i}l, Laura
	C. Robinson, and Antoinette Schapper. 2012. The historical relations
	of the Papuan languages of Alor and Pantar. Oceanic Linguistics 51
	(1): 86-122.}
}

@BOOK{HoltonEtAl2008,
  author = {Holton, Gary and Mahalalel Lamma Koly},
  year = {2008},
  title = {Kamus Pengantar Bahasa Pantar Barat: Tubbe - Mauta - Lamma},
  address = {Kupang, Indonesia},
  publisher = {UBB-GMIT},
  _orig = {Holton, Gary and Mahalel Lamma Koly. 2008. Kamus pengantar Bahasa
	Pantar Barat. Kupang: UBB.},
  lgcode = {Western Pantar [lev]}
}

@INCOLLECTION{HoltonEtAlthisvolume,
  author = {Holton, Gary and Laura Robinson},
  year = {this volume},
  title = {The internal history of the Alor-Pantar language family},
  booktitle = {Alor-Pantar languages: History and typology},
  editor = {Marian Klamer},
  publisher = {Language Science Press},
  _orig = {Holton, Gary and Laura Robinson, this volume. The internal history
	of the Alor-Pantar language family. In Marian Klamer, ed., Alor-Pantar
	languages: History and typology. Language Science Press.}
}

@INCOLLECTION{Paul1986,
  author = {Paul J. Hopper},
  year = {1986},
  title = {Some discourse functions of classifiers in Malay},
  booktitle = {Noun classes and categorization},
  editor = {Colette G. Craig},
  address = {Amsterdam},
  publisher = {John Benjamins},
  pages = {309--325},
  _orig = {Hopper, Paul J. 1986. Some discourse functions of classifiers in Malay.
	In Noun Classes and Categorization ed. Colette G. Craig, 309-325.
	Amsterdam: John Benjamins.},
  alnumcodes = {mala1479},
  keywords = {Asia, Discourse, Nominal classification},
  languoidbase_ids = {39373},
  lgcode = {Malay (individual language) [zlm] (computerized assignment from "not
	and and malay")}
}

@ARTICLE{HopperEtAl1980,
  author = {Hopper, Paul J. and Sandra A. Thompson},
  year = {1980},
  title = {Transitivity in grammar and discourse},
  journal = {Language},
  volume = {56},
  pages = {251-299},
  number = {1},
  _orig = {Hopper, Paul, and Sandra Thompson. 1980. Transitivity in grammar and
	discourse. Language 56(2): 251-299.},
  aiatsis_callnumber = {S 40/10 1 Analytic In serial},
  aiatsis_code = {G6, G13, G34, Y117},
  aiatsis_reference_language = {Yidiny^, Pitta Pitta, Kalkatungu, Ganggalida},
  keywords = {Typology},
  lgcode = {Yidiny [yii], Pitta Pitta [pit], Kalkutung [ktg], Ganggalida [gcd]},
  ozbib_id = {2946},
  ozbibnote = {[examples from Kalkatungu, Yukulta, Pitta-Pitta, Yidiny]},
  ozbibreftype = {17}
}

@PHDTHESIS{Huber2011,
  author = {Juliette Huber},
  title = {A grammar of Makalero: A Papuan language of East Timor},
  school = {Vrije Universiteit Amsterdam},
  year = {2011},
  address = {Amsterdam},
  _orig = {Huber, Juliette. 2011. A grammar of Makalero: A Papuan language of
	East Timor. Utrecht: LOT.},
  alnumcodes = {maka1316},
  languoidbase_ids = {28820},
  lgcode = {Makasai [mkz]},
  pages = {700}
}

@BOOK{Huber2008,
  author = {Huber, Juliette},
  year = {2008},
  title = {First Steps Towards a Grammar of Makasae: A language of East Timor},
  address = {M{\"u}nchen},
  publisher = {Lincom},
  volume = {195},
  pages = {115},
  series = {Languages of the World/Materials},
  _orig = {Huber, Juliette. 2008. First steps towards a grammar of Makasae. M{\"u}nchen:
	Lincom.},
  alnumcodes = {maka1316},
  isbn = {9783895861406},
  languoidbase_ids = {28820},
  lgcode = {mkz}
}

@BOOK{Hull2002,
  author = {Hull, Geoffrey},
  year = {2002},
  title = {Waimaha (Waima'a)},
  address = {Dili},
  publisher = {Instituto Nacional de Lingu{\'\i}stica/Universidade Nacional de Timor-Leste},
  number = {2},
  series = {East Timor Language Profiles},
  _orig = {Hull, Geoffrey 2002. Waimaha (Waima'a) (East Timor Language Profiles
	2). Dili: Instituto Nacional de Lingu{\'\i}stica/Universidade Nacional
	de Timor-Leste.},
  keywords = {glotto duplicate}
}

@BOOK{Hurford2007,
  author = {Hurford, James R.},
  year = {2007},
  title = {The origins of meaning: Language in the light of evolution},
  address = {Oxford},
  publisher = {Oxford University Press},
  volume = {8},
  series = {Studies in the Evolution of Language},
  _orig = {Hurford, James R. 2007. The origins of meaning: Language in the light
	of evolution. Oxford: Oxford University Press. (Studies in the Evolution
	of Language 8).}
}

@ARTICLE{HusonEtAl2006,
  author = {Huson, D.H. and Bryant, D.},
  year = {2006},
  title = {Application of Phylogenetic Networks in Evolutionary Studies},
  journal = {Molecular Biology and Evolution},
  volume = {23},
  pages = {254-267},
  number = {2},
  _orig = {Huson, Daniel H. and David Bryant. 2006. Application of phylogenetic
	networks in evolutionary studies. Molecular Biology and Evolution
	23(2): 254-67.},
  keywords = {historical, biology},
  owner = {bowern},
  publisher = {SMBE},
  timestamp = {2007.08.05}
}

@BOOK{JacobEtAl2003,
  author = {Jacob, June and Grimes, Charles E.},
  year = {2003},
  title = {Kamus pengantar Bahasa Kupang--Bahasa Indonesia (dengan daftar Indonesia--Kupang)},
  address = {Kupang},
  publisher = {Artha Wacana Press},
  _orig = {Jacob, June and Chareles E. Grimes. 2003. Kamus pengantar Bahasa Kupang--Bahasa
	Indonesia (dengan daftar Indonesia--Kupang). Kupang: Artha Wacana
	Press.}
}


@BOOK{DeJong1937,
  author = {Josselin de Jong, Jan Petrus Benjamin de},
  year = {1937},
  title = {Studies in Indonesian Culture I: Oirata, a Timorese settlement on
	Kisar},
  address = {Amsterdam},
  publisher = {Noord-Hollandsche Uitgevers-Maatschappij},
  pages = {289},
  _orig = {Josselin de Jong, J.P.B. de. 1937. Studies in Indonesian culture I.
	Oirata, a Timorese settlement on Kisar. Amsterdam: N.V. Noord-Hollandsche
	Uitgevers-Maatschappij.},
  alnumcodes = {oira1263},
  languoidbase_ids = {28819},
  lgcode = {Oirata [oia]}
}

@PHDTHESIS{Gregorius1978,
  author = {Gregorius Keraf},
  title = {Morfologi Dialek Lamalera},
  school = {Jakarta: Universitas Indonesia},
  year = {1978},
  _orig = {Keraf, Gregorius. 1978. Morfologi Dialek Lamalera. Ende: Arnoldus.},
  alnumcodes = {lama1278},
  languoidbase_ids = {40775},
  lgcode = {Lamalera [lmr]},
  pages = {483}
}

@INCOLLECTION{Klamerinpress,
  author = {Klamer, Marian},
  year = {In press},
  title = {The history of Numeral classifiers in Teiwa (Papuan)},
  booktitle = {Number: Constructions and Semantics. Case studies from Africa, India,
	Amazonia and Oceania},
  editor = {Gerrit J. Dimmendaal and Anne Storch},
  address = {Amsterdam},
  publisher = {John Benjamins},
  _orig = {Klamer, Marian. In press. The history of Numeral classifiers in Teiwa
	(Papuan). In Gerrit J. Dimmendaal and Anne Storch (eds.), Number:
	Constructions and Semantics. Case studies from Africa, India, Amazonia
	and Oceania. Amsterdam: Benjamins.}
}

@INCOLLECTION{Klamer2013,
  author = {Klamer, Marian},
  year = {2013},
  title = {The history of numeral classifiers in Teiwa (Papuan)},
  booktitle = {Number: Constructions and Semantics. Case studies from Africa, India,
	Amazonia \& Oceania},
  editor = {Dimmendaal, Gerrit J. and Storch, Anne},
  address = {Amsterdam},
  publisher = {Benjamins},
  pages = {135-166},
  chapter = {6},
  _orig = {Klamer, Marian. 2013. The history of numeral classifiers in Teiwa
	(Papuan). In Gerrit J. Dimmendaal and Anne Storch (eds.) Number:
	Constructions and Semantics. Case studies from Africa, India, Amazonia
	& Oceania. Amsterdam: Benjamins.}
}

@INCOLLECTION{Klamer2008,
  author = {Klamer,Marian},
  year = {2008},
  title = {The semantics of Semantic Alignment in eastern Indonesia},
  booktitle = {The Typology of Semantic Alignment},
  editor = {Mark Donohue and S{\"o}ren Wichmann},
  address = {Oxford},
  publisher = {Oxford University Press},
  pages = {221-251},
  _orig = {Klamer, Marian. 2008. The semantics of semantic alignment in eastern
	Indonesia. In Mark Donohue and S{\o}ren Wichmann, eds., The typology
	of semantic alignment: 221-251. Oxford: Oxford University Press.}
}

@INCOLLECTION{Klamer2012,
  author = {Marian Klamer},
  year = {2012},
  title = {Papuan-Austronesian language contact: Alorese from an areal perspective},
  booktitle = {Melanesian Languages on the Edge of Asia: Challenges for the 21st
	Century},
  editor = {Nicholas Evans and Marian Klamer},
  address = {Honolulu},
  publisher = {University of Hawaii Press},
  pages = {72-108},
  volume = {5},
  series = {Language Documentation \&Conservation Special Publication},
  _orig = {Klamer, Marian. 2012. Papuan-Austronesian language contact: Alorese
	from an areal perspective. Language Documentation and Conservation,
	Special Publication 5: Melanesian languages on the edge of Asia:
	Challenges for the 21st Century, 72-108.},
  lgcode = {Alorese [aol], Kaera = Kaera [NOCODE_Kaera], Teiwa}
}

@INPROCEEDINGS{Klamern.d.,
  author = {Klamer, Marian},
  title = {Numeral classifiers in Papuan Alor Pantar: a comparative perspective},
  booktitle = {Number in East Nusantara},
  year = {n.d.},
  editor = {Klamer, Marian and Kratochv{\'\i}l, Franti{\v s}ek},
  series = {Proceedings of the panel at the International Conference of Austronesian
	Languages, Bali, 2012},
  publisher = {to appear},
  _orig = {Klamer, Marian. To appear a. Numeral classifiers in Papuan Alor Pantar:
	a comparative perspective. In Klamer, Marian and Franti{\v s}ek Kratochv{\'\i}l
	(eds.), Number in East Nusantara. Proceedings of the panel at the
	International Conference of Austronesian Languages, Bali, 2012.}
}

@INCOLLECTION{Klamer2010ditrans,
  author = {Klamer, Marian},
  year = {2010},
  title = {Ditransitive constructions in Teiwa},
  booktitle = {Studies in ditransitive constructions},
  editor = {Andrej Malchukov and Martin Haspelmath and Bernard Comrie},
  address = {Berlin},
  publisher = {Mouton},
  pages = {427-455},
  _orig = {Klamer, Marian. 2010b. Ditransitive constructions in Teiwa. In Andrej
	Malchukov, Martin Haspelmath and Bernard Comrie. Studies in ditransitive
	constructions: A comparative handbook: 427-455 Berlin: Mouton de
	Gruyter.}
}

@INCOLLECTION{Klamertoappear,
  author = {Klamer, Marian},
  year = {to appear},
  title = {Kaera},
  booktitle = {Papuan languages of Timor-Alor-Pantar: Sketch grammars},
  editor = {Antoinette Schapper},
  _orig = {Klamer, Marian. to appear. Kaera. In Antoinette Schapper (ed.), Papuan
	languages of Timor-Alor-Pantar: Sketch grammars.}
}

@BOOK{Klamer2011,
  author = {Marian Klamer},
  year = {2011},
  title = {A Short Grammar of Alorese (Austronesian)},
  address = {M{\"u}nchen},
  publisher = {Lincom GmbH},
  volume = {486},
  pages = {142},
  series = {Languages of the World/Materials},
  _orig = {Klamer, Marian. 2011. A short grammar of Alorese (Austronesian). M{\"u}nchen:
	Lincom.},
  alnumcodes = {alor1247},
  languoidbase_ids = {40781},
  lgcode = {aol}
}

@BOOK{Klamer2010,
  author = {Marian Klamer},
  year = {2010},
  title = {A Grammar of Teiwa},
  address = {Berlin},
  publisher = {Mouton de Gruyter},
  volume = {49},
  pages = {xviii+540},
  series = {Mouton Grammar Library},
  _orig = {Klamer, Marian. 2010. A grammar of Teiwa. Berlin / New York: De Gruyter
	Mouton.},
  alnumcodes = {teiw1235},
  languoidbase_ids = {33752},
  lgcode = {twe}
}

@BOOK{Klamer1998,
  author = {Klamer, Marian},
  year = {1998},
  title = {A grammar of Kambera},
  address = {Berlin},
  publisher = {Mouton de Gruyter},
  volume = {18},
  pages = {xv+448},
  series = {Mouton Grammar Library},
  _orig = {Klamer, Marian. 1998. A grammar of Kambera. Berlin/New York: Mouton
	de Gruyter.},
  isbn = {9783110161878},
  lgcode = {xbr, Kambera [xbr]}
}

@INCOLLECTION{KlamerEtAl2010nusantara,
  author = {Marian Klamer and Michael C. Ewing},
  year = {2010},
  title = {The languages of East Nusantara: an introduction},
  booktitle = {East Nusantara: typological and areal analyses},
  editor = {Michael C. Ewing and Marian Klamer},
  address = {Canberra},
  publisher = {Research School of Pacific and Asian Studies, Australian National
	University},
  pages = {1-24},
  volume = {618},
  series = {Pacific Linguistics},
  _orig = {Klamer, Marian and Michael Ewing. 2010. The languages of East Nusantara:
	an introduction. In East Nusantara: Typological and Areal Analyses
	ed. Michael Ewing and Marian Klamer, 1-24. Canberra: Pacific Linguistics.},
  alnumcodes = {keoo1238},
  languoidbase_ids = {40741},
  lgcode = {Ke'o [xxk] (computerized assignment from "nusantara")}
}

@INCOLLECTION{KlamerEtAl2010tripartite,
  author = {Klamer, Marian and Kratochv{\'\i}l, Franti{\v s}ek},
  year = {2010},
  title = {Abui Tripartite Verbs: Exploring the limits of compositionality},
  booktitle = {Rara and rarissima: Documenting the fringes of linguistic diversity},
  editor = {Wohlgemuth, Jan and Cysouw, Michael},
  address = {Berlin and New York},
  publisher = {Mouton de Gruyter},
  pages = {185-210},
  _orig = {Klamer, Marian and Franti{\v s}ek Kratochv{\'\i}l. 2010. Abui Tripartite
	Verbs: Exploring the limits of compositionality, in: Jan Wohlgemuth
	and Michael Cysouw (eds), Rara and rarissima: Documenting the fringes
	of linguistic diversity, 185-210. Berlin/New York: Mouton de Gruyter.}
}

@INPROCEEDINGS{KlamerEtAl2006,
  author = {Klamer, Marian and Kratochv{\'\i}l, Franti{\v s}ek},
  title = {The role of animacy in Teiwa and Abui (Papuan)},
  booktitle = {Proceedings of BLS 32},
  year = {2006},
  address = {Berkeley},
  organization = {Berkeley Linguistic Society},
  _orig = {Klamer, Marian and Franti{\v s}ek Kratochv{\'\i}l. 2006. The role
	of animacy in Teiwa and Abui (Papuan), Proceedings of BLS 32. Berkeley:
	Berkeley Linguistic Society.}
}

@INCOLLECTION{KlamerEtAl2008,
  author = {Marian Klamer and Ger Reesink and Miriam van Staden},
  year = {2008},
  title = {East Nusantara as a Linguistic Area},
  booktitle = {From linguistic areas to areal linguistics},
  editor = {Pieter Muysken},
  address = {Amsterdam},
  publisher = {John Benjamins},
  pages = {95-149},
  volume = {90},
  series = {Studies in Language Companion Series},
  _orig = {Klamer, Marian, Ger P. Reesink and Miriam van Staden. 2008. East Nusantara
	as a linguistic area. In From Linguistic Areas to Areal Linguistics,
	ed. by Pieter Muysken. Amsterdam: John Benjamins, 95-150.},
  alnumcodes = {keoo1238},
  languoidbase_ids = {40741},
  lgcode = {Ke'o [xxk] (computerized assignment from "nusantara")}
}

@ARTICLE{KlamerEtAl2012,
  author = {Klamer, Marian and Schapper, Antoinette},
  year = {2012},
  title = {The development of give constructions in the Papuan languages of
	Timor-Alor-Pantar},
  journal = {Linguistic Discovery},
  volume = {10},
  pages = {174-207},
  number = {3},
  _orig = {Klamer, Marian and Antoinette Schapper. 2012. The development of give
	constructions in the Papuan languages of Timor-Alor-Pantar. Linguistic
	Discovery 10.3: 174-207.},
  keywords = {glotto duplicate}
}

@BOOK{KlamerEtAl2011,
  author = {Klamer, Marian and Amos Sir},
  year = {2011},
  title = {Kosakata bahasa Teiwa-Indonesia-Inggris [Teiwa-Indonesian-English
	word list]},
  address = {Kupang, Indonesia},
  publisher = {Unit Bahasa dan Budaya (UBB)},
  _orig = {Klamer, Marian, and Amos Sir. 2011. Kosakata bahasa Teiwa-Indonesia-Inggris
	[Teiwa-Indonesian-English word list]. Kupang, Indonesia: Unit Bahasa
	dan Budaya (UBB).}
}

@book{Kratochvil2007,
author={Kratochvíl, František},
year={2007},
title={A grammar of Abui: A Papuan language of Alor},
publisher={LOT},
address={Utrecht}
}

@incollection{Kratochvilta,
author={Kratochv\'il, Franti\v{s}ek},
title={Sawila},
year={to appear},
booktitle={Papuan languages of Timor-Alor-Pantar: Sketch grammars Volume II},
editor={Antoinette Schapper},
address={Berlin/New York},
publisher={Mouton de Gruyter},
}

@incollection{Kratochvilnd,
    author={Kratochv\'il, Franti\v{s}ek},
year={n.d.},
title={ Dictionary of Sawila},
note={Manuscript, Nanyang Technological University}
}



@incollection{KratochvilEtAl2008,
author={Kratochv\'il, Franti\v{s}ek and  Benediktus Delpada},
year = {2008},
title ={Abui stories from Takalelang},
address={ Kupang, Indonesia},
publisher={Unit Bahasa dan Budaya (UBB)}
}



@ARTICLE{LansingEtAl2011,
  author = {Lansing, Stephen J. and Cox, Murray P. and de Vet, Therese A. and
	Downey, Sean S. and Hallmark, Brian and Sudoyo, Herawati},
  year = {2011},
  title = {An ongoing Austronesian expansion in Island Southeast Asia},
  journal = {Journal of Anthropological Archaeology},
  volume = {30},
  pages = {262-272},
  _orig = {Lansing, Stephen J., Murray P. Cox, Therese A. de Vet, Sean S. Downey,
	Brian Hallmark, Herawati Sudoyo. 2011. An ongoing Austronesian expansion
	in Island Southeast Asia. Journal of Anthropological Archaeology
	30, 262-272.}
}

@INCOLLECTION{Laycock1975,
  author = {Laycock, D.C.},
  year = {1975},
  title = {Observations on number systems and semantics},
  booktitle = {Papuan languages and the New Guinea linguistic scene},
  editor = {Stephen A. Wurm},
  address = {Canberra},
  publisher = {Pacific Linguistics},
  pages = {219-233},
  _orig = {Laycock, D.C. 1975. Observations on number systems and semantics.
	In Stephen A. Wurm (ed.), Papuan languages and the New Guinea linguistic
	scene, 219-233. Canberra: Pacific Linguistics.}
}

@INCOLLECTION{Le1929,
  author = {Le Roux, C.C.F.M.},
  year = {1929},
  title = {De Elcanos tocht door den Timorarchipel met Magalh{\~a}es schip Victoria},
  booktitle = {Feestbundel, uitgegeven door het Koninklijk Bataviaasch Genootschap
	van Kunsten en Wetenschappen bij gelegenheid van zijn 150 jarig bestaan:1778-1928},
  address = {Weltevreden},
  publisher = {Kolff},
  pages = {1-99},
  _orig = {Le Roux, C.C.F.M. 1929. De Elcanos tocht door den Timorarchipel met
	Magalh{\~a}es schip Victoria. In Feestbundel, uitgegeven door het
	Koninklijk Bataviaasch Genootschap van Kunsten en Wetenschappen bij
	gelegenheid van zijn 150 jarig bestaan:1778-1928, 1-99. Weltevreden:
	Kolff.}
}

@PHDTHESIS{Lean1992,
  author = {Lean, Glendon},
  title = {Counting systems of Papua New Guinea and Oceania},
  school = {Papua New Guinea University of Technology},
  year = {1992},
  _orig = {Lean, Glendon. 1992. Counting systems of Papua New Guina and Oceania.
	PhD dissertation, Papua New Guinea University of Technology. http://www.uog.ac.pg/glec/thesis/thesis.htm
	(Accessed 06 December, 2011).},
  keywords = {glotto duplicate},
  lastchecked = {06 December, 2011},
  url = {http://www.uog.ac.pg/glec/thesis/thesis.htm}
}

@ARTICLE{Lemoine1969,
  author = {Lemoine, Annie},
  year = {1969},
  title = {Histoires de Pantar},
  journal = {L'Homme},
  volume = {9},
  pages = {5-32},
  number = {4},
  _orig = {Lemoine, Annie. 1969. Histoires de Pantar LHomme 9(4): 5-32.}
}

@ARTICLE{LevinsonEtAl2009,
  author = {Levinson, Stephen and Niclas Burenhult},
  year = {2009},
  title = {Semplates: A new concept in lexical semantics?},
  journal = {Language},
  volume = {85},
  pages = {153-174},
  number = {1},
  _orig = {Levinson, Stephen and Niclas Burenhult. 2009. Semplates: A new concept
	in lexical semantics? Language 85, 1: 153-174.}
}

@BOOK{Levinson1983,
  author = {Levinson, Stephen C.},
  year = {1983},
  title = {Pragmatics},
  address = {Cambridge},
  publisher = {Cambridge University Press},
  _orig = {Levinson, Stephen. 1983. Pragmatics. Cambridge: Cambridge University
	Press.},
  keywords = {Conversation Analysis, General linguistics, Pragmatics}
}

@BOOK{Lewis2009,
  author = {Lewis, Paul M.},
  editor = {Lewis, Paul M.},
  year = {2009},
  title = {Ethnologue: Languages of the World},
  address = {Dallas},
  publisher = {SIL International},
  pages = {1248},
  edition = {16},
  note = {16th ed.},
  _orig = {Lewis, M. Paul. 2009. Ethnologue: Languages of the World, 16th edition.
	Dallas: SIL International.},
  isbn = {9781556712166},
  lgcode = {Nde-Gbite [ned], Ayi [ayq], Daantanai' [lni], Dao [daz], Diuwe [diy],
	Hoia Hoia [hhi], Simeku [smz], Ounge [oue], Foia Foia [ffi], Maramba
	[myd]},
  url = {http://www.ethnologue.com/web.asp}
}

@BOOK{LewisEtAl2013,
  author = {Lewis, Paul M. and Gary F. Simons and Charles D. Fennig},
  year = {2013},
  title = {Ethnologue: Languages of the World},
  address = {Dallas},
  publisher = {SIL International},
  edition = {17},
  _orig = {Lewis, M. Paul, Gary Simons and Charles D. Fennig. 2013. Ethnologue:
	Languages of the World, 17th edition. Dallas: SIL International.},
  lgcode = {Maindo [cwb], Kanara Konkani = Kukna [kex], Tawara [twl], Southern
	Binukidnon [mtw], Northern Binukidnon [kyn], Phimbi [phm], Magoma
	[gmx], Barikewa [jbk], Mouwase [jmw], Santa Mar{\'\i}a La Alta Nahuatl
	[nhz], Isthmus-Cosoleacaque Nahuatl [nhk], Karanga [kth], Boor [bvf],
	Mire [mvh], Eastern Ngad'a [nea], Viti [vit], Fum [fum], Nde-Gbite
	[ned], Northwestern Dinka [diw], Ayi [ayq], Daantanai' [lni], Dao
	[daz], Diuwe [diy], Hoia Hoia [hhi], Simeku [smz], Ounge [oue], Foia
	Foia [ffi], Maramba [myd], Sasaru [sxs], Enwan (Edu State) [env],
	Bukwen [buz], Gwa [gwb], Sonha [soi], Ambo [amb], E'ma Buyang [yzg],
	Kinabalian [cbw], Pudtol Atta [atp], Igwe [igw], Ngwaba [ngw], Jilbe
	[jie], Ambrak [aag]},
  url = {http://www.ethnologue.com}
}

@ARTICLE{Lichtenberk1998,
  author = {Lichtenberk, Franti{\v s}ek},
  year = {1998},
  title = {Did speakers of Proto Oceanic chew betel?},
  journal = {Journal of the Polynesian Society},
  volume = {107},
  pages = {335-363},
  _orig = {Lichtenberk, Franti{\v s}ek. 1998. Did speakers of Proto Oceanic chew
	betel? Journal of the Polynesian Society 107: 335-63.}
}

@INCOLLECTION{Lynch2009,
  author = {Lynch, John},
  year = {2009},
  title = {At sixes and sevens: the development of numeral systems in Vanuatu
	and New Caledonia},
  booktitle = {Discovering history through language: Papers in honour of Malcolm
	Ross},
  editor = {Bethwyn Evans},
  address = {Canberra},
  publisher = {Pacific Linguistics},
  pages = {391-411},
  _orig = {Lynch, John. 2009. At sixes and sevens: the development of numeral
	systems in Vanuatu and New Caledonia. In Bethwyn Evans (ed.), Discovering
	history through language: Papers in honour of Malcolm Ross, 391-411.
	Canberra: Pacific Linguistics.}
}

@ARTICLE{D.1851,
  author = {D. W. C. van Lynden},
  year = {1851},
  title = {Bijdrage tot de kennis van Solor, Allor, Rotti, Savoe en omliggende
	eilanden},
  journal = {Natuurkundig tijdschrift voor Nederlandsch-Indi{\"e}

	},
  volume = {2},
  pages = {317-336, 388-414},
  _orig = {Lynden, D.W. C Baron van. 1851. Bijdrage tot de kennis van Solor,
	Alor, Rotti, Savoe en Omliggende Eilanden, getrokken uit een verslag
	van de residentie Timor, opgemaakt door Mr. D.W.C. Baron van Linden,
	Resident van Timor. Natuurkundig tijdschrift voor Nederlandsch-Indi{\"e}
	2. 317--336.},
  lgcode = {Lamaholot [slp] (computerized assignment from "solor")}
}

@INCOLLECTION{Maddieson2005,
  author = {Maddieson, Ian},
  year = {2005},
  title = {Consonant inventories},
  booktitle = {The World Atlas of Language Structures},
  editor = {Haspelmath, M. and Dryer, M.S. and Gil, David and Comrie, B.},
  address = {Oxford},
  publisher = {Oxford University Press},
  pages = {10-13},
  _orig = {Maddieson, Ian. 2005. Consonant inventories. The World Atlas of Language
	Structures, ed. by M. Haspelmath, M.S. Dryer, D. Gil and B. Comrie.
	Oxford: Oxford University Press.}
}

@INCOLLECTION{Mahirta2006,
  author = {Mahirta},
  year = {2006},
  title = {The prehistory of Austronesian dispersal to the southern islands
	of eastern Indonesia},
  booktitle = {Austronesian diaspora and the ethnogeneses of people in Indonesian
	archipelago},
  editor = {Simanjuntak, Truman and Pojoh, Ingrid H.E. and Hisyam, Mohammad},
  address = {Jakarta},
  publisher = {LIPI Press},
  pages = {129-145},
  _orig = {Mahirta. 2006. The prehistory of Austronesian dispersal to the southern
	islands of eastern Indonesia.In Austronesian diaspora and the ethnogeneses
	of people in Indonesian archipelago, ed. by Truman Simanjuntak, Ingrid
	H.E. Pojoh and Mohammad Hisyam. Jakarta: LIPI Press, 129-145.}
}

@INCOLLECTION{Majewicz1981,
  author = {Majewicz, Alfred F.},
  year = {1981},
  title = {Le r{\^o}le du doigt et de la main et leurs d{\'e}signations dans
	la formation des syst{\`e}mes particuliers de num{\'e}ration et de
	noms de nombres dans certaines langues},
  booktitle = {La main et les doigts dans l'expression linguistique},
  editor = {Fanny de Sivers (ed.)},
  address = {Paris},
  publisher = {SELAF},
  pages = {193-212},
  volume = {2},
  series = {LACITO - Documents Eurasie 6},
  _orig = {Majewicz, Alfred F. 1981. Le r{\^o}le du doigt et de la main et leurs
	d{\'e}signations dans la formation des syst{\`e}mes particuliers
	de num{\'e}ration et de noms de nombres dans certaines langues. In
	Fanny de Sivers (ed.), La main et les doigts dans l'expression linguistique
	II (LACITO - Documents Eurasie 6), 193-212. Paris: SELAF.}
}

@ARTICLE{Majewicz1984,
  author = {Majewicz, Alfred F.},
  year = {1984},
  title = {Le r{\^o}le du doigt et de la main et leurs d{\'e}signations en certaines
	langues dans la formation des syst{\`e}mes particuliers de num{\'e}ration
	et des noms de nombre},
  journal = {Lingua Posnaniensis},
  volume = {28},
  pages = {69-84},
  _orig = {Majewicz, Alfred F. 1984. Le r{\^o}le du doigt et de la main et leurs
	d{\'e}signations en certaines langues dans la formation des syst{\`e}mes
	particuliers de num{\'e}ration et des noms de nombre. Lingua Posnaniensis
	26. 69-84.}
}

@BOOK{MalchukovEtAl2010,
  author = {Malchukov, Andrej and Haspelmath, Martin and Comrie, Bernard},
  year = {2010},
  title = {Studies in Ditransitive Constructions: A comparative handbook},
  address = {Berlin},
  publisher = {Mouton de Gruyter},
  _orig = {Malchukov, Andrej, Martin Haspelmath and Bernard Comrie. 2010. Studies
	in Ditransitive Constructions: A comparative handbook. Berlin: Mouton
	de Gruyter.}
}

@UNPUBLISHED{Malikosan.d.,
  author = {Malikosa, Anderias},
  title = {Yesus Sakku Geleworo Kana.},
  note = {Unpublished manuscript},
  year = {n.d.},
  _orig = {Malikosa, Anderias. n.d. Yesus Sakku Geleworo Kana. Unpublished manuscript.
	UBB-GMIT Kupang, Indonesia.},
  address = {Kupang, Indonesia},
  publisher = {UBB-GMIT}
}

@BOOK{MartisEtAl2000,
  author = {Martis, Non and Kurnatiawati, Wati and Aritonang, Buha and Astar,
	Hidayatul and Feirizal, Ferr},
  year = {2000},
  title = {Monografi kosakata dasar Swadesh di Kabupaten Alor},
  address = {Jakarta},
  publisher = {Pusat Bahasa, Departemen Pendidikan Nasional},
  _orig = {Martis, Non, Wati Kurnatiawati, Buha Aritonang, Hidayatul Astar and
	Ferr Feirizal. 2000. Monografi kosakata dasar Swadesh di Kabupaten
	Alor. Jakarta: Pusat Bahasa, Departemen Pendidikan Nasional.}
}

@ARTICLE{Matisoff1995,
  author = {Matisoff, James A.},
  year = {1995},
  title = {Sino-Tibetan numerals and the play of prefixes},
  journal = {Bulletin of the National Museum of Ethnology (Osaka) [Kokuritsu Minzokugaku
	Hakubutsukan Kenkyuu Hookoku]},
  volume = {20},
  pages = {105-252},
  number = {1},
  _orig = {Matisoff, James A. 1995. Sino-Tibetan numerals and the play of prefixes.
	Bulletin of the National Museum of Ethnology (Osaka), 20(1). 105-252.}
}

@BOOK{McElhanonEtAl1970,
  author = {McElhanon, Kenneth A. and Voorhoeve, C.},
  year = {1970},
  title = {The Trans-New Guinea phylum: explorations in deep-level genetic relationships},
  address = {Canberra},
  publisher = {Research School of Pacific and Asian Studies, Australian National
	University},
  volume = {16},
  pages = {v+107},
  series = {Pacific Linguistics: Series B},
  _orig = {McElhanon, Kenneth A. and C.L. Voorhoeve. 1970. The Trans-New Guinea
	Phylum: Explorations in deep-level genetic relationships, (Pacific
	Linguistics C-15). Canberra: Australian National University.}
}

@ARTICLE{A.2007,
  author = {A. McWilliam},
  year = {2007},
  title = {Austronesians in Linguistic Disguise: Fataluku Cultural Fusion in
	East Timor},
  journal = {Journal of Southeast Asian Studies},
  volume = {38},
  pages = {355-375},
  number = {2},
  _orig = {McWilliam, Andrew. 2007. Austronesians in linguistic disguise: Fataluku
	cultural fusion in East Timor. Journal of Southeast Asian Studies,
	38, 2: 355-375.},
  alnumcodes = {fata1247},
  languoidbase_ids = {28818},
  lgcode = {Fataluku [ddg]}
}

@BOOK{Meillet1967,
  author = {Meillet, Antoine},
  year = {1967},
  title = {The Comparative Method in Historical Linguistics},
  address = {Paris},
  publisher = {Champion},
  _orig = {Meillet, Antoine. 1967. The Comparative Method in Historical Linguistics.
	Paris: Champion.}
}

@ARTICLE{Middelkoop1950,
  author = {Middelkoop, P.},
  year = {1950},
  title = {Proeve van een Timorese grammatica},
  journal = {Bijdragen tot Taal-, Land- en Volkenkunde},
  volume = {106},
  pages = {375-517},
  _orig = {Middelkoop, P. 1950. Proeve van een Timorese Grammatica. Bijdragen
	van het Koninklijk Instituut voor Taal-, Land- en Volkenkunde 106.
	375--514.},
  address = {[s'Grafenhague]},
  lgcode = {Uab Meto [aoz]},
  oldhhfn = {timorese.zip},
  publisher = {[Nijhoff]},
  series = {Bijdragen tot de Taal-, Land- en Volkenkunde van Nederlandsch-Indi{\"e}

	}
}

@BOOK{Miller1996,
  author = {Miller, Wick R.},
  year = {1996},
  title = {Guarij{\'o}: gram{\'a}tica, textos, y vocabulario},
  address = {Mexico City},
  publisher = {Instituto de Investigaciones Antropol{\'o}gicas, Universidad Nacional
	Aut{\'o}noma de M{\'e}xico},
  _orig = {Miller, Wick R. 1996. Guarij{\'o}: gram{\'a}tica, textos, y vocabulario.
	Instituto de Investigaciones Antropol{\'o}gicas, Universidad Nacional
	Aut{\'o}noma de M{\'e}xico.},
  lgcode = {var}
}

@ARTICLE{Mithun1991,
  author = {Mithun, Marianne},
  year = {1991},
  title = {Active/agentive case marking and its motivations},
  journal = {Language},
  volume = {67},
  pages = {510-546},
  number = {3},
  _orig = {Mithun, Marianne. 1991. Active/agentive case marking and its motivations.
	Language 67(3): 510-546.}
}

@PHDTHESIS{Mohanan1990,
  author = {Mohanan, Tara},
  title = {Arguments in Hindi},
  school = {Stanford University},
  year = {1990},
  address = {Stanford},
  _orig = {Mohanan, Tara. 1990. Arguments in Hindi. PhD thesis. Stanford University.}
}

@ARTICLE{MonaEtAl2009,
  author = {Mona, Stefano and Grunz, Katharina E. and Brauer, Silke and Pakendorf,
	Brigitte and Castri, Loredana and Sudoyo, Herawati and Marzuki, Sangkot
	and Barnes, Robert H. and Schmidtke, J{\"o}rg and Stoneking, Mark
	and Kayser, Manfred},
  year = {2009},
  title = {Genetic admixture history of Eastern Indonesia as revealed by y-chromosome
	and mitochondrial DNA analysis},
  journal = {Molecular Biology and Evolution},
  volume = {26},
  pages = {1865-1877},
  number = {8},
  _orig = {Mona, Stefano, Katharina E. Grunz, Silke Brauer, Brigitte Pakendorf,
	Loredana Castri, Herawati Sudoyo, Sangkot Marzuki, Robert H. Barnes,
	J{\"o}rg Schmidtke, Mark Stoneking and Manfred Kayser. 2009. Genetic
	admixture history of Eastern Indonesia as revealed by y-chromosome
	and mitochondrial DNA analysis. Molecular Biology and Evolution 26(8):
	1865-77.}
}

@ARTICLE{Needham1956,
  author = {Needham, Rodney.},
  year = {1956},
  title = {A note on kinship and marriage on Pantara},
  journal = {Bijdragen tot de Taal-, Land- en Volkenkunde},
  volume = {112-113},
  pages = {285-290},
  _orig = {Needham, Rodney. 1956. A note on kinship and marriage on Pantara.
	Bijdragen tot de Taal-, Land- en Volkenkunde 112-113: 285-90.}
}

@PHDTHESIS{Nicolspeyer1940,
  author = {Nicolspeyer, Martha Margaretha},
  title = {De sociale structuur van een Aloreesche bevolkingsgroep},
  school = {Rijksuniversiteit te Leiden},
  year = {1940},
  address = {Rijswijk},
  _orig = {Nicolspeyer, Martha Margaretha. 1940. De Sociale Structuur van een
	Aloreesche Bevolkingsgroep. Rijswijk: Kramers.},
  lgcode = {Abui [abz]},
  pages = {186}
}

@ARTICLE{Nieuwenkamp1922,
  author = {Nieuwenkamp, W. O. J.},
  year = {1922},
  title = {Drie weken op Alor},
  journal = {Nederlandsch Indie Oud en Nieuw},
  volume = {7},
  pages = {67-88},
  number = {3},
  _orig = {Nieuwenkamp, W.O.J. 1922. Drie weken op Alor. Nederlands-Indi{\"e}
	Oud en}
}

@BOOK{NishiyamaEtAl2007,
  author = {Nishiyama, Kunio and Kelen, Herman},
  year = {2007},
  title = {A grammar of Lamaholot Eastern Indonesia: the morphology and syntax
	of the Lewoingu dialect},
  address = {M{\"u}nchen},
  publisher = {Lincom},
  volume = {467},
  pages = {188},
  series = {Languages of the World/Materials},
  _orig = {Nishiyama, Kunio & Herman Kelen. 2007. A grammar of Lamaholot, Eastern
	Indonesia. The Morphology and Syntax of the Lewoingu Dialect. M{\"u}nchen:
	Lincom.},
  alnumcodes = {lama1277},
  languoidbase_ids = {40797},
  lgcode = {Lamaholot [slp]}
}

@BOOK{NitbaniEtAl2001,
  author = {Nitbani, Semuel H. and Jeladu Kosmas and Sisila Wona and Hilda Naley},
  year = {2001},
  title = {Struktur Bahasa Lamma},
  address = {Jakarta},
  publisher = {Pusat Bahasa, Departemen Pendidikan Nasional},
  _orig = {Nitbani, Semuel H., Jeladu Kosmas, Sisila Wona & Hilda Naley. 2001.
	Struktur Bahasa Lamma. Jakarta: Pusat Bahasa, Departemen Pendidikan
	Nasional.},
  alnumcodes = {lamm1241},
  languoidbase_ids = {33748},
  lgcode = {lev}
}

@MISC{Noonan2006,
  author = {Noonan, Michael},
  title = {Contact-induced change in the Himalayas: the case of the Tamangic
	languages},
  howpublished = {Paper presented at the International Colloquium on Language Contact
	and Contact Languages, University of Hamburg, July 6-8, 2006.},
  year = {2006},
  _orig = {Noonan, Michael. 2006. Contact-induced change in the Himalayas: the
	case of the Tamangic languages. Paper presented at the International
	Colloquium on Language Contact and Contact Languages, University
	of Hamburg, July 6-8, 2006.}
}

@ARTICLE{OConnor2007,
  author = {O'Connor, Sue},
  year = {2007},
  title = {New evidence from East Timor contributes to our understanding of
	earliest modern human colonisation east of the Sunda shelf},
  journal = {Antiquity},
  volume = {81},
  pages = {523-535},
  _orig = {OConnor, Sue. 2007. New evidence from East Timor contributes to our
	understanding of earliest modern human colonisation east of the Sunda
	shelf, Antiquity 81: 523-535.}
}

@ARTICLE{OConnor2003,
  author = {O'Connor, Sue},
  year = {2003},
  title = {Nine new painted rock art sites from East Timor in the context of
	the Western Pacific region},
  journal = {Asian Perspectives},
  volume = {42},
  pages = {96-128},
  number = {1},
  _orig = {OConnor, Sue. 2003. Nine new painted rock art sites from East Timor
	in the context of the Western Pacific region, Asian Perspectives
	42(1): 96-128.}
}

@PHDTHESIS{Olson1981,
  author = {Olson, Michael},
  title = {Barai clause junctures: toward a functional theory of interclausal
	relations},
  school = {Australian National University},
  year = {1981},
  address = {Canberra},
  _orig = {Olson, M. 1981. Barai clause junctures: Toward a functional theory
	of interclausal relations. Ph.D. dissertation, Australian National
	University.},
  alnumcodes = {nucl1630},
  languoidbase_ids = {24603},
  lgcode = {Itokama = Barai [bbb]},
  pages = {392},
  publisher = {Australian Natl. Univ.}
}

@ARTICLE{Pagel2009,
  author = {Pagel, Mark},
  year = {2009},
  title = {Human language as a culturally transmitted replicator},
  journal = {Nature Reviews Genetics},
  volume = {10},
  pages = {405-415},
  number = {6},
  _orig = {Pagel, Mark. 2009. Human language as a culturally transmitted replicator.
	Nat Rev Genet 10(6): 405-15.}
}

@BOOK{Pampus2001,
  author = {Pampus, Karl-Heinz},
  year = {2001},
  title = {Mue Moten Koda Kiwan: Kamus Bahasa Lamaholot, Dialek Lewolema, Flores
	Timur},
  address = {Frankfurt},
  publisher = {Frobenius-Institut Frankfurt am Main},
  _orig = {Pampus, Karl-Heinz. 2001. Mue Moten Koda Kiwan: Kamus Bahasa Lamaholot,
	Dialek Lewolema, Flores Timur. Frankfurt: Frobenius-Institut Frankfurt
	am Main.}
}

@BOOK{PareiraEtAl1998,
  author = {Pareira, M. Mandalangi and E. Douglas Lewis},
  year = {1998},
  title = {Kamus Sara Sikka - Bahasa Indonesia},
  address = {Ende, Flores, Indonesia},
  publisher = {Penerbit Nusa Indah},
  pages = {218},
  _orig = {Pareira, M. Mandalangi & E. Douglas Lewis. 1998. Kamus Sara Sikka
	- Bahasa Indonesia. Ende: Penerbit Nusa Indah.},
  alnumcodes = {sika1262},
  languoidbase_ids = {40792},
  lgcode = {Sika [ski]}
}

@INCOLLECTION{Pawley2012,
  author = {Andrew Pawley},
  year = {2012},
  title = {How Reconstructable is Proto Trans New Guinea? Problems, Progress,
	Prospects},
  booktitle = {History, contact and classification of Papuan languages},
  editor = {Harald Hammarstr{\"o}m and Wilco van den Heuvel},
  address = {Port Moresby},
  publisher = {Linguistic Society of Papua New Guinea},
  pages = {88-164},
  volume = {2012},
  series = {LLM Special Issue},
  _orig = {Pawley, Andrew. 2012. How reconstructable is proto Trans New Guinea?
	Problems, progress, prospects. In Harald Hammarstr{\"o}m and Wilco
	van der Heuvel, eds., History, Contact and Classification of Papuan
	Languages. (Language and Linguistics in Melanesia, Special Issue
	2012 Part I): 88-164. Port Moresby: Linguistic Society of New Guinea.}
}

@INCOLLECTION{Pawley1998,
  author = {Pawley, Andrew},
  year = {1998},
  title = {The Trans New Guinea Phylum hypothesis: A reassessment},
  booktitle = {Perspectives on the Bird's Head of Irian Jaya, Indonesia},
  editor = {Jelle Miedema, Cecilia Od{\'e} and Rien A.C. Dam},
  address = {Amsterdam},
  publisher = {Rodopi},
  pages = {655-690},
  _orig = {Pawley, Andrew. 1998. The Trans New Guinea Phylum hypothesis: A reassessment.
	In Jelle Miedema, Cecilia Od{\'e} and Rien A.C. Dam, eds., Perspectives
	on the Bird's Head of Irian Jaya, Indonesia: 655-90. Amsterdam: Rodopi.},
  keywords = {glotto duplicate}
}

@INCOLLECTION{Pawley2005,
  author = {Andrew Pawley},
  year = {2005},
  title = {The Chequered Career of the Trans New Guinea Hypothesis: Recent Research
	and its Implications},
  booktitle = {Papuan Pasts: Studies in the Cultural, Linguistic and Biological
	History of the Papuan-speaking Peoples},
  editor = {Pawley, Andrew and Robert Attenborough and Golson, Jack and Hide,
	Robin},
  address = {Canberra},
  publisher = {Research School of Pacific and Asian Studies, Australian National
	University},
  pages = {67-108},
  volume = {572},
  series = {Pacific Linguistics},
  _orig = {Pawley, Andrew K. 2005. The chequered career of the Trans New Guinea
	hypothesis. In Papuan Pasts: Cultural, linguistic and biological
	histories of Papuan-speaking peoples, ed. by Andrew Pawley, Robert
	Attenborough, Jack Golson and Robin Hide. Canberra: Pacific Linguistics,
	67-107.}
}

@INCOLLECTION{Pawley2001,
  author = {Pawley, Andrew},
  year = {2001},
  title = {The Proto Trans New Guinea obstruents: arguments from top--down reconstruction},
  booktitle = {The Boy from Bundaberg: Studies in Melanesian Linguistics in Honour
	of Tom Dutton},
  editor = {Andrew Pawley and Malcolm Ross and Darrell Tryon},
  address = {Canberra},
  publisher = {Pacific Linguistics},
  pages = {261-300},
  _orig = {Pawley, Andrew. 2001. The Proto Trans New Guinea obstruents: arguments
	from top--down reconstruction. In Andrew Pawley, Malcolm Ross and
	Darrell Tryon, eds., The Boy from Bundaberg: Studies in Melanesian
	Linguistics in Honour of Tom Dutton: 261-300. Canberra: Pacific Linguistics.}
}

@BOOK{Pawleynd,
  author = {Pawley, Andrew},
  year = {n.d.},
  title = {Some Trans New Guinea Phylum cognate sets},
  address = {Canberra},
  publisher = {Department of Linguistics, Research School of Pacific and Asian Studies,
	Australian National University},
  _orig = {Pawley, Andrew. n.d. Some Trans New Guinea Phylum cognate sets. Canberra:
	Department of Linguistics, Research School of Pacific and Asian Studies,
	Australian National University.}
}

@INCOLLECTION{Pawley1995,
  author = {Andrew K. Pawley},
  year = {1995},
  title = {C.L. Voorhoeve and the Trans New Guinea Phylum Hypothesis},
  booktitle = {Tales from a concave world: Liber amicorum Bert Voorhoeve},
  editor = {Baak, Connie and Bakker, Mary and van der Meij, Dick},
  publisher = {Department of Languages and Cultures of Southeast Asia and Oceania,
	Leiden University},
  pages = {83-123},
  _orig = {Pawley, Andrew. 1995. C.L. Voorhoeve and the Trans New Guinea phylum
	hypothesis. In Connie Baak, Mary Bakker and Dick van der Meij, eds.,
	Tales from a Concave World: Liber Amicorum Bert Voorhoeve: 83-123.
	Leiden: Department of Languages and Cultures of Southeast Asia, Leiden
	University.}
}

@PHDTHESIS{Penn2006,
  author = {Penn, David},
  title = {Introducing Dadu'a},
  school = {University of New England},
  year = {2006},
  _orig = {Penn, David. 2006. Introducing Dadu'a. University of New England Honours
	dissertation.}
}

@ARTICLE{Plank2009,
  author = {Plank, Frans},
  year = {2009},
  title = {Senary summary so far},
  journal = {Linguistic Typology},
  volume = {13},
  pages = {337-345},
  _orig = {Plank, Frans. 2009. Senary summary so far. Linguistic Typology 13,
	337-345.}
}

@INCOLLECTION{Post2011,
  author = {Post, Mark},
  year = {2011},
  title = {Topographical deixis and the Tani languages of North-East India},
  booktitle = {North East Indian Linguistics},
  editor = {G. Hyslop and S. Morey and M. Post},
  address = {New Delhi},
  publisher = {Cambridge University Press India},
  pages = {137-154},
  volume = {3},
  _orig = {Post, Mark. 2011. Topographical deixis and the Tani languages of North-East
	India. In G. Hyslop, S. Morey and M. Post (eds.), North East Indian
	Linguistics Vol. 3, 137-154. New Delhi: Cambridge University Press
	India.}
}

@BOOK{PurbaEtAl1993,
  author = {Purba, Theodorus T. and Onesimus Warwer and Reimundus Fatubun},
  year = {1993},
  title = {Fonologi Bahasa Dani Barat},
  address = {Jakarta},
  publisher = {Departemen Pendidikan dan Kebudayaan},
  _orig = {Purba, Theodorus T., Onesimus Warwer and Reimundus Fatubun. 1993.
	Fonologi Bahasa Dani Barat. Jakarta: Departemen Pendidikan dan Kebudayaan.},
  keywords = {glotto duplicate}
}

@MISC{RambautEtAl2007,
  _orig = {Rambaut, Andrew and Alexei J. Drummond. 2007. Tracer, vers. 1.5. Available
	at http://beast.bio.ed.ac.uk/Tracer.},
  author = {Rambaut, Andrew and Drummond, Alexei J.},
  title = {Tracer, vers},
  url = {http://beast.bio.ed.ac.uk/Tracer},
  year = {2007}
}

@INCOLLECTION{Reesink1996,
  author = {Reesink, Ger P.},
  year = {1996},
  title = {Morpho-syntactic features of the Bird's Head languages},
  booktitle = {Studies in Irian Languages},
  editor = {G.P. Reesink},
  number = {1-20},
  chapter = {1},
  _orig = {Reesink, Ger P. 1996. Morpho-syntactic features of the Bird's Head
	languages. NUSA, Studies in Irian Languages 40: 1-20.},
  journal = {NUSA, Studies in Irian Languages},
  keywords = {glotto duplicate}
}

@ARTICLE{Roberts1997,
  author = {Roberts, John R.},
  year = {1997},
  title = {Switch-reference in Papua New Guinea: a preliminary survey},
  journal = {Papers in Papuan Linguistics},
  volume = {3},
  pages = {101-241},
  _orig = {Roberts, John R. 1997. Switch-reference in Papua New Guinea: a preliminary
	survey. In Andrew Pawley, ed., Papers in Papuan Linguistics 3: 101-241.
	Canberra: Pacific Linguistics.},
  address = {Canberra},
  editor = {Andrew Pawley},
  publisher = {Pacific Linguistics}
}


@INCOLLECTION{RobinsonEtAltoappear,
  author = {Robinson, Laura and John Haan},
  year = {To appear},
  title = {Adang},
  booktitle = {Papuan languages of Timor-Alor-Pantar. Sketch grammars.},
  editor = {Antoinette Schapper},
  address = {Berlin and New York},
  publisher = {Mouton de Gruyter},
  _orig = {Robinson, Laura and John Haan. To appear. Adang. In Antoinette Schapper
	(ed.), Papuan languages of Timor-Alor-Pantar. Sketch grammars. Berlin/New
	York: De Gruyter Mouton.}
}

@INCOLLECTION{Robinsonforthcoming,
  author = {Robinson, Laura C.},
  year = {forthcoming},
  title = {The Alor-Pantar (Papuan) languages and Austronesian contact in East
	Nusantara},
  booktitle = {Language Contact and Austronesian Historical Linguistics},
  editor = {Malcom Ross},
  address = {Canberra},
  publisher = {Pacific Linguistics},
  _orig = {Robinson, Laura C. forthcoming. The Alor-Pantar (Papuan) languages
	and Austronesian contact in East Nusantara. In Malcom Ross ed. Language
	Contact and Austronesian Historical Linguistics. Canberra: Pacific
	Linguistics.}
}

@UNPUBLISHED{Robinson2012,
  author = {Robinson, Laura C.},
  title = {The Alor-Pantar (Papuan) languages and Austronesian contact in East
	Nusantara},
  note = {Paper presented at the International Conference on Austronesian Linguistics.
	Denpasar, Bali, July 2-6.},
  year = {2012},
  _orig = {Robinson, Laura C. 2012. The Alor-Pantar (Papuan) languages and Austronesian
	contact in East Nusantara. Paper presented at the International Conference
	on Austronesian Linguistics. Denpasar, Bali, July 2-6.}
}

@INCOLLECTION{RobinsonEtAlforthcoming,
  author = {Robinson, Laura C. and Haan, Johnson Willem},
  year = {forthcoming},
  title = {Sketch of Adang},
  booktitle = {Papuan Languages of Timor-Alor-Pantar: Sketch Grammars.},
  editor = {Schapper, Antoinette},
  address = {Canberra},
  publisher = {Pacific Linguistics}
}

@INCOLLECTION{RobinsonEtAl2012,
  author = {Robinson, Laura C. and Gary Holton},
  year = {2012},
  title = {Reassessing the wider genetic affiliations of the Timor-Alor-Pantar
	languages},
  booktitle = {Contact and Classification of Papuan Languages},
  editor = {Harald Hammarstr{\"o}m and Wilco van der Heuvel},
  address = {Port Moresby},
  publisher = {Linguistic Society of New Guinea},
  pages = {59-87},
  volume = {Special Issue 2012 Part I},
  series = {Language and Linguistics in Melanesia},
  _orig = {Robinson, Laura C. and Gary Holton. 2012. Reassessing the wider genetic
	affiliations of the Timor-Alor-Pantar languages. In Harald Hammarstr{\"o}m
	and Wilco van der Heuvel, eds., History, Contact and Classification
	of Papuan Languages. (Language and Linguistics in Melanesia, Special
	Issue 2012 Part I): 59-87. Port Moresby: Linguistic Society of New
	Guinea.}
}

@ARTICLE{RobinsonEtAl2012,
  author = {Laura C. Robinson and Gary Holton},
  year = {2012},
  title = {Internal Classification of the Alor-Pantar Language Family Using
	Computational Methods Applied to the Lexicon},
  journal = {Language Dynamics and Change},
  volume = {2},
  pages = {123-149},
  number = {2},
  _orig = {Robinson, Laura and Gary Holton. 2012. Internal classification of
	the Alor-Pantar language family using computational methods applied
	to the lexicon. Language Dynamics and Change 2, 2: 1-27.},
  lgcode = {Sawila [swt]}
}

@BOOK{Rodemeier2006,
  author = {Rodemeier, Susanne},
  year = {2006},
  title = {Tutu kadire in Pandai-Munaseli},
  address = {Berlin},
  publisher = {LIT Verlag},
  volume = {12},
  series = {Passauer Betr{\"a}ge zur S{\"u}dostasienkunde},
  _orig = {Rodemeier, Susanne. 2006. Tutu kadire in Pandai-Munaseli. Passauer
	Betr{\"a}ge zur S{\"u}dostasienkunde Bd. 12. Berlin: LIT Verlag.}
}

@ARTICLE{Rodemeier1995,
  author = {Rodemeier, Susanne},
  year = {1995},
  title = {Local tradition on Alor and Pantar: An attempt at localizing Galiyao},
  journal = {Bijdragen tot de Taal-, Land- en Volkenkunde},
  volume = {151},
  pages = {438-442},
  number = {3},
  _orig = {Rodemeier, Susanne. 1995. Local tradition on Alor and Pantar: An attempt
	at localizing Galiyao, Bijdragen tot de Taal-, Land- en Volkenkunde
	151(3): 438-442.}
}

@MASTERSTHESIS{Rodemeier1992,
  author = {Rodemeier, Susanne},
  title = {Lego-lego Platz und naga-Darstellung Jenseitige Kr{\"a}fte im Zentrum
	einer Quellenstudie {\"u}ber die ostindonesische Insel Alor},
  school = {Ludwig-Maximilians-Universit{\"a}t},
  year = {1992},
  address = {M{\"u}nchen},
  _orig = {Rodemeier, Susanne. 1992. Lego-lego Platz und naga-Darstellung. Jenseitige
	Kr{\"a}fte im Zentrum einer Quellenstudie {\"u}ber die ostindonesische
	Insel Alor. MA thesis, Ludwig-Maximilians-Universit{\"a}t M{\"u}nchen.}
}

@PHDTHESIS{DeRoever2002,
  author = {de Roever, Arend},
  title = {De jacht op sandelhout: de VOC en de tweedeling van Timor in de zeventiende
	eeuw},
  school = {Leiden U.},
  year = {2002},
  address = {Zutphen},
  _orig = {Roever, Arend de. 2002. De jacht op sandelhout : de VOC en de tweedeling
	van Timor in de zeventiende eeuw. PhD dissertation Leiden U. Zutphen:
	Walburg Pers.},
  publisher = {Walburg Pers}
}

@ARTICLE{RonquistEtAl2003,
  author = {Ronquist, F. and Huelsenbeck, J.P.},
  year = {2003},
  title = {MRBAYES 3: Bayesian phylogenetic inference under mixed models},
  journal = {Bioinformatics},
  volume = {19},
  number = {1572-1574},
  _orig = {Ronquist, F. and J.P. Huelsenbeck. 2003. MRBAYES 3: Bayesian phylogenetic
	inference under mixed models. 19:. Bioinformatics 19: 1572-4.},
  editor = {Schapper, Antoinette, Juliette Huber and Aone van Engelenhoven}
}

@INCOLLECTION{Ross2005,
  author = {Ross, Malcolm},
  year = {2005},
  title = {Pronouns as preliminary diagnostic for grouping Papuan languages},
  booktitle = {Papuan Pasts: Cultural, linguistic and biological histories of Papuan-speaking
	peoples},
  editor = {Pawley, Andrew and Attemborough, Robert and Golson, Jack and Hide,
	Robin},
  address = {Canberra},
  publisher = {Pacific Linguistics},
  pages = {15-65},
  _orig = {Ross, Malcolm. 2005. Pronouns as preliminary diagnostic for grouping
	Papuan languages, In Papuan Pasts: Cultural, linguistic and biological
	histories of Papuan-speaking peoples, ed. Andrew Pawley, Robert Attenborough,
	Jack Golson & Robin Hide. Canberra: Pacific Linguistics, 15-65.}
}

@INCOLLECTION{Ross2006,
  author = {Ross, Malcolm},
  year = {2006},
  title = {Pronouns as markers of genetic stocks in non-Austronesian languages
	of New Guinea, Island Melanesia and eastern Indonesia},
  booktitle = {Papuan Languages and the Trans New Guinea Family},
  editor = {Andrew Pawley and Malcolm Ross and Meredith Osmond},
  address = {Canberra},
  publisher = {Pacific Linguistics},
  _orig = {Ross, Malcolm. 2006. Pronouns as markers of genetic stocks in non-Austronesian
	languages of New Guinea, Island Melanesia and eastern Indonesia.
	In Andrew Pawley, Malcolm Ross and Meredith Osmond, eds., Papuan
	Languages and the Trans New Guinea Family. Canberra: Pacific Linguistics.}
}

@BOOK{Samely1991,
  author = {Samely, Ursula},
  year = {1991},
  title = {Kedang (Eastern Indonesia): Some Aspects of its Grammar},
  address = {Hamburg},
  publisher = {Helmut Buske},
  volume = {46},
  pages = {xi+235},
  series = {Forum phoneticum},
  note = {PhD from JWG U Frankfurt am Main 1989.},
  _orig = {Samely, Ursula. 1991. Kedang (Eastern Indonesia): Some Aspects of
	its Grammar. Hamburg: Helmut Buske Verlag.},
  isbn = {9783875480160},
  lgcode = {ksx}
}

@BOOK{SawardoEtAl1987,
  author = {Sawardo, P. Wakidi and Tarno, Y. Lita and S. Kusharyanto},
  year = {1987},
  title = {Struktur Bahasa Lio},
  address = {Jakarta},
  publisher = {Pusat Pembinaan dan Pengembangan Bahasa},
  _orig = {Sawardo, P, Wakidi, Tarno, Y. Lita, S & Kusharyanto. 1987. Struktur
	Bahasa Lio. Jakarta: Pusat Pembinaan dan Pengembangan Bahasa.},
  lgcode = {Li'o [ljl]}
}

@INCOLLECTION{Schapperthisvolume,
  author = {Schapper, Antoinette},
  year = {This volume},
  title = {Elevational systems in AP languages},
  booktitle = {Alor-Pantar languages: History and typology},
  editor = {Marian Klamer},
  publisher = {Language Science Press},
  _orig = {Schapper, Antoinette. This volume. Elevational systems in AP languages.
	In Marian Klamer, ed., Alor-Pantar languages: History and typology.
	Leiden: Brill}
}

@INCOLLECTION{Schappertoappear,
  author = {Schapper, Antoinette},
  year = {To appear},
  title = {Kamang},
  booktitle = {Papuan languages of Timor-Alor-Pantar: Sketch grammars},
  editor = {Antoinette Schapper},
  address = {Berlin and New York},
  publisher = {Mouton de Gruyter},
  _orig = {Schapper, Antoinette. To appear. Kamang. In Antoinette Schapper, ed.,
	Papuan languages of Timor-Alor-Pantar: Sketch grammars.}
}

@BOOK{Schapperforthcoming,
  author = {Schapper, Antoinette},
  editor = {Schapper, Antoinette},
  year = {forthcoming},
  title = {Papuan Languages of Timor-Alor-Pantar: Sketch Grammars.},
  address = {Canberra},
  publisher = {Pacific Linguistics}
}

@UNPUBLISHED{Schapperndb,
  author = {Schapper, Antoinette},
  title = {Grammar of Kamang},
  note = {Manuscript, Leiden University},
  year = {n.d.},
  _orig = {Schapper, Antoinette. n.d. b. Grammar of Kamang. [Manuscript, Leiden
	University.]}
}

@UNPUBLISHED{Schappernda,
  author = {Schapper, Antoinette},
  title = {Dictionary of Bunaq},
  note = {Manuscript, Australian National University},
  year = {n.d},
  _orig = {Schapper, Antoinette. n.d. a. Dictionary of Bunaq. [Manuscript, Australian
	National University.]}
}

@UNPUBLISHED{Schapperms,
  author = {Schapper, Antoinette},
  title = {A grammar of Kamang, a Papuan language of Alor},
  note = {Unpublished manuscript, Universit{\"a}t zu K{\"o}ln.},
  year = {Ms},
  _orig = {Schapper, Antoinette. Ms. A grammar of Kamang, a Papuan language of
	Alor. Unpublished manuscript, Universit{\"a}t zu K{\"o}ln.}
}

@MISC{Schapper2012,
  author = {Schapper, Antoinette.},
  title = {Elevation and scale in two Papuan languages},
  year = {2012},
  _orig = {Schapper, Antoinette. 2012. Elevation and scale in two Papuan languages.
	Talk presented at EuroBabel Final Conference, Leiden, 23-26 August
	2012.}
}

@ARTICLE{Schapper2011crossing,
  author = {Schapper, Antoinette},
  year = {2011},
  title = {Crossing the border: Historical and linguistic divides among the
	Bunaq in central Timor},
  journal = {Wacana: Journal of the Humanities of Indonesia},
  volume = {13},
  pages = {29-49},
  number = {1},
  _orig = {Schapper, Antoinette. 2011. Crossing the border: Historical and linguistic
	divides among the Bunaq in central Timor. Wacana, Journal of the
	Humanities of Indonesia 13.1: 29-49.},
  lgcode = {bfn}
}

@PHDTHESIS{Schapper2010,
  author = {Schapper, Antoinette},
  title = {Bunaq: a Papuan language of central Timor},
  school = {Australian National University},
  year = {2010},
  _orig = {Schapper, Antoinette. 2010. Bunaq: A Papuan language of central Timor.
	The Australian National University PhD Thesis.},
  alnumcodes = {buna1278},
  languoidbase_ids = {28815},
  lgcode = {bfn},
  pages = {587}
}

@PHDTHESIS{Schapper2009,
  author = {Schapper, Antoinette},
  title = {Bunaq: A Papuan language of central Timor},
  school = {Australian National University},
  year = {2009},
  address = {Canberra},
  _orig = {Schapper, Antoinette. 2009. Bunaq: A Papuan language of central Timor.
	Ph.D. dissertation, Australian National University.}
}

@ARTICLE{Schapper2013,
  author = {Schapper, Antoinette \& Harald Hammarstr{\"o}m},
  year = {2013},
  title = {Innovative numerals in Austronesian languages outside of Oceania},
  journal = {Oceanic Linguistics},
  volume = {52},
  pages = {425-456},
  number = {2},
  _orig = {Schapper, Antoinette & Harald Hammarstr{\"o}m. 2013. Innovative numerals
	in Austronesian languages outside of Oceania. Oceanic Linguistics
	52.2: 425-456.}
}

@INCOLLECTION{SchapperEtAltoappear,
  author = {Schapper, Antoinette and Rachel Hendery},
  year = {To appear},
  title = {Wersing},
  booktitle = {Papuan languages of Timor-Alor-Pantar. Sketch grammars},
  editor = {Antoinette Schapper},
  address = {Berlin and New York},
  publisher = {Mouton de Gruyter},
  _orig = {Schapper, Antoinette and Rachel Hendery. To appear. Wersing. In Antoinette
	Schapper (ed.), Papuan languages of Timor-Alor-Pantar. Sketch grammars.
	Berlin/New York: De Gruyter Mouton.}
}

@UNPUBLISHED{SchapperEtAlms.,
  author = {Schapper, Antoinette and Juliette Huber},
  title = {A reconstruction of the Timor-Alor-Pantar family: Phonology and morphology.},
  note = {Manuscript, Leiden University and Lund University},
  year = {Ms.},
  _orig = {Schapper, Antoinette and Juliette Huber. Ms. A reconstruction of the
	Timor-Alor-Pantar family: Phonology and morphology. Manuscript, Leiden
	University and Lund University.}
}

@INCOLLECTION{AntoinetteEtAl2012,
  author = {Antoinette Schapper and Juliette Huber and Aone van Engelenhoven},
  year = {2012},
  title = {The historical relation of the Papuan languages of Timor and Kisar},
  booktitle = {History, contact and classification of Papuan languages},
  editor = {Harald Hammarstr{\"o}m and Wilco van den Heuvel},
  address = {Port Moresby},
  publisher = {Linguistic Society of Papua New Guinea},
  pages = {194-242},
  volume = {2012},
  series = {LLM Special Issue},
  _orig = {Schapper, Antoinette, Juliette Huber and Aone van Engelenhoven. 2012.
	The historical relation of the Papuan languages of Timor and Kisar.
	In Harald Hammarstr{\"o}m and Wilco van der Heuvel, eds., History,
	Contact and Classification of Papuan Languages. (Language and Linguistics
	in Melanesia, Special Issue 2012 Part I): 194-242. Port Moresby:
	Linguistic Society of New Guinea.},
  lgcode = {Uab Meto [aoz] (computerized assignment from "languages and timor")}
}

@INCOLLECTION{SchapperEtAl2012historical,
  author = {Schapper, Antoinette and Hueber, Juliette and vam Engelenhoven, Aone},
  year = {2012},
  title = {The historical relations of the Papuan languages of Timor and Kisar},
  booktitle = {History, contact and classification of Papuan languages},
  editor = {Hammarstr{\"o}m, Harald and van den Heuvel, Wilco},
  address = {Port Moresby},
  publisher = {Linguistic Society of Papua New Guinea},
  pages = {194-242},
  howpublished = {Antoinette Schapper and Juliette Huber and Aone van Engelenhoven.
	2012. The historical relation of the Papuan languages of Timor and
	Kisar. In Harald Hammarstr{\"o}m and Wilco van den Heuvel (eds.),
	History, contact and classification of Papuan languages, 194-242.
	Port Moresby: Linguistic Society of Papua New Guinea.},
  journal = {Language and Linguistics in Melanesia, Special Issue: On the History,
	Contact \& Classification of Papuan languages - Part I},
  keywords = {glotto duplicate}
}

@INCOLLECTION{Schapper2011plural,
  author = {Schapper, Antoinette and Marian Klamer},
  year = {2011},
  title = {Plural words in the Alor-Pantar languages},
  booktitle = {Proceedings of Conference on Language Documentation and Linguistic
	Theory},
  editor = {Peter K. Austin and Oliver Bond and David Nathan and Lutz Marten},
  pages = {247-256},
  volume = {3},
  _orig = {Schapper, Antoinette and Marian Klamer. 2011. Plural words in the
	Alor-Pantar languages. In Peter K. Austin, Oliver Bond, David Nathan
	and Lutz Marten (eds.), Proceedings of Conference on Language Documentation
	and Linguistic Theory 3:247-256.}
}

@INCOLLECTION{SchapperEtAlthisvolume,
  author = {Schapper, Antoinette and Klamer, Marian},
  year = {this volume},
  title = {Numeral systems},
  booktitle = {Alor-Pantar languages: History and typology},
  editor = {Marian Klamer},
  publisher = {Language Science Press},
  _orig = {Schapper and Klamer, this volume. Numeral systems. In Marian Klamer,
	ed., Alor-Pantar languages: History and typology. Language Science
	Press.}
}

@BOOK{SchapperEtAl2011kamus,
  author = {Schapper, Antoinette and Marten Manimau},
  year = {2011},
  title = {Kamus Pengantar bahasa Kamang-Indonesia-Inggris},
  address = {Kupang},
  publisher = {Unit Bahasa dan Budaya},
  volume = {7},
  series = {UBB Language \&Culture Series: A},
  _orig = {Schapper, Antoinette and Marten Manimau. 2011. Kamus Pengantar Bahasa
	Kamang-Indonesia-Inggris. Kupang, Indonesia: Unit Bahasa dan Budaya.},
  lgcode = {Kamang [woi]},
  title_english = {Introductory Kamang-Indonesian-English dictionary}
}

@ARTICLE{SchapperEtAl2011demnom,
  author = {Schapper, Antoinette and Lila San Roque},
  year = {2011},
  title = {Demonstratives and non-embedded nominalisations in the Papuan languages
	of south-east Indonesia},
  journal = {Studies in Language},
  volume = {35},
  pages = {378-406},
  number = {2},
  _orig = {Schapper, Antoinette and Lila San Roque. 2011. Demonstratives and
	non-embedded nominalisations in the Papuan languages of south-east
	Indonesia. Studies in Language 35.2: 378-406.}
}

@ARTICLE{SchapperEtAlforthcoming,
  author = {Schapper, Antoinette and Juliette Huber},
  year = {Forthcoming},
  title = {State-of-the-art in the documentation of the Papuan languages of
	Timor, Alor, Pantar and Kisar},
  journal = {Wacana, Journal of the Humanities of Indonesia},
  volume = {14},
  pages = {1-37},
  _orig = {Schapper, Antoinette, and Juliette Huber. Forthcoming. State-of-the-art
	in the documentation of the Papuan languages of Timor, Alor, Pantar
	and Kisar. Wacana, Journal of the Humanities of Indonesia.},
  keywords = {glotto duplicate}
}

@MISC{SchapperEtAl2011kamang,
  author = {Schapper, Antoinette and Marten Manimau},
  title = {Dictionary of Kamang: Kamang -- Indonesian -- English},
  year = {2011},
  _orig = {Schapper, Antoinette, and Marten Manimau 2011. Dictionary of Kamang:
	Kamang -- Indonesian -- English. Kupang, Indonesia: Kupang, Indonesia:
	Unit Bahasa dan Budaya (UBB)}
}

@BOOK{Schneider1984,
  author = {Schneider, David M.},
  year = {1984},
  title = {A Critique of the Study of Kinship},
  address = {Ann Arbor},
  publisher = {University of Michigan},
  _orig = {Schneider, David M. 1984. A Critique of the Study of Kinship. Ann
	Arbor: University of Michigan.}
}

@INCOLLECTION{Schulze2003,
  author = {Schulze, Wolfgang},
  year = {2003},
  title = {The diachrony of demonstrative pronouns in East Caucasian},
  booktitle = {Current Trends in Caucasian, East European and Inner Asian Linguistics:
	Papers in Honor of Howard I. Aronson},
  editor = {Dee Ann Holisky and Kevin Tuite},
  address = {Amsterdam},
  publisher = {John Benjamins},
  pages = {291-348},
  _orig = {Schulze, Wolfgang. 2003. The diachrony of demonstrative pronouns in
	East Caucasian. In Dee Ann Holisky and Kevin Tuite (eds.), Current
	Trends in Caucasian, East European and Inner Asian Linguistics: Papers
	in Honor of Howard I. Aronson, 291-348. Amsterdam: John Benjamins.}
}

@INCOLLECTION{Schweitzer2000,
  author = {Schweitzer, Peter P.},
  year = {2000},
  title = {Introduction},
  booktitle = {Dividends of Kinship: Meanings and Uses of Social Relatedness},
  editor = {Peter P. Schweitzer},
  address = {New York},
  publisher = {Routledge},
  pages = {1-32},
  _orig = {Schweitzer, Peter P. 2000. Introduction. In Peter P. Schweitzer, ed.,
	Dividends of Kinship: Meanings and Uses of Social Relatedness: 1-32.
	New York: Routledge.}
}

@BOOK{Scott1978,
  author = {Scott, Graham},
  year = {1978},
  title = {The Fore language of Papua New Guinea},
  address = {Canberra},
  publisher = {Research School of Pacific and Asian Studies, Australian National
	University},
  volume = {47},
  pages = {xiii+210},
  series = {Pacific Linguistics: Series B},
  note = {Bibliography: p. 199-210},
  _orig = {Scott, Graham. 1978. The Fore Language of Papua New Guinea, (Pacific
	Linguistics B-47). Canberra: Pacific Linguistics.},
  alnumcodes = {fore1270},
  isbn = {9780858831735},
  journal = {Pacific Linguistics: Series B},
  languoidbase_ids = {43321},
  lgcode = {Fore [for]},
  school = {Canberra: Australian National University},
  typ = {phdthesis}
}

@BOOK{Senft2004,
  author = {Senft, Gunter},
  year = {2004},
  title = {Deixis and Demonstratives in Oceanic Languages},
  address = {Canberra},
  publisher = {Pacific Linguistics},
  _orig = {Senft, Gunter (ed.). 2004. Deixis and Demonstratives in Oceanic Languages.
	Canberra, Pacific Linguistics.}
}

@BOOK{Senft1997,
  author = {Senft, Gunter},
  year = {1997},
  title = {Referring to space: studies in Austronesian and Papuan languages},
  address = {Oxford},
  publisher = {Clarendon Press},
  volume = {11},
  pages = {x+324},
  series = {Oxford Studies in Anthropological Linguistics},
  _orig = {Senft, Gunter (ed.). 1997. Referring to Space: Studies in Austronesian
	and Papuan Languages. Oxford, Oxford University Press.},
  isbn = {9780198236474}
}

@ARTICLE{Sheldon1986,
  author = {Sheldon, Deidre},
  year = {1986},
  title = {Topical and non-topical participants in Galela narrative discourse},
  journal = {Papers in New Guinea Linguistics},
  volume = {25},
  pages = {233-248},
  _orig = {Sheldon, Deidre. 1986. Topical and non-topical participants in Galela
	narrative discourse. Papers in New Guinea Linguistics no. 25. (Pacific
	Linguistics A-74): 233-48. Canberra: Australian National University.},
  address = {Canberra},
  publisher = {Australian National University},
  series = {Pacific Linguistics A-74}
}

@INCOLLECTION{Sidwell1999,
  author = {Sidwell, Paul},
  year = {1999},
  title = {The Austroasiatic numerals from `one' to `ten' from a historical
	and typological perspective},
  booktitle = {Numeral types and Changes Worldwide},
  editor = {Jadranka Gvozdanovi{\'c}

	},
  address = {Berlin and New York},
  publisher = {Mouton de Gruyter},
  pages = {253-271},
  _orig = {Sidwell, Paul. 1999. The Austroasiatic numerals from `one' to `ten'.
	In Jadranka Gvozdanovi{\'c} (ed.), Numeral types and Changes Worldwide,
	253-271. Berlin/New York: Mouton de Gruyter.},
  keywords = {glotto duplicate}
}

@INCOLLECTION{Siewierska2011,
  author = {Siewierska, Anna},
  year = {2011},
  title = {Verbal person marking},
  booktitle = {The World Atlas of Language Structures Online},
  editor = {Matthew S. Dryer and Martin Haspelmath},
  address = {Munich},
  publisher = {Max Planck Digital Library, chapter 102. Available online at http://wals.info/chapter/1.
	Accessed on 2011-09-19.},
  chapter = {102},
  _orig = {Siewierska, Anna. 2011. Verbal person marking. In Matthew S. Dryer
	and Martin Haspelmath, eds., The World Atlas of Language Structures
	Online. Munich: Max Planck Digital Library, chapter 102. Available
	online at http://wals.info/chapter/1. Accessed on 2011-09-19.},
  lastchecked = {2011-09-19},
  url = {http://wals.info/chapter/1}
}

@BOOK{Siewierska2004,
  author = {Siewierska, Anna},
  year = {2004},
  title = {Person},
  address = {Cambridge},
  publisher = {Cambridge University Press},
  _orig = {Siewierska, Anna. 2004. Person. Cambridge: Cambridge University Press.}
}

@ARTICLE{Spriggs2011,
  author = {Spriggs, Matthew},
  year = {2011},
  title = {Archaeology and the Austronesian expansion: where are we now?},
  journal = {Antiquity},
  volume = {85},
  pages = {510-528},
  _orig = {Spriggs, Matthew. 2011. Archaeology and the Austronesian expansion:
	where are we now? Antiquity 85: 510-28.}
}

@PHDTHESIS{VanDerStap1966,
  author = {Petrus A. M. van der Stap},
  title = {Outline of Dani Morphology},
  school = {Rijksuniversiteit te Leiden},
  year = {1966},
  address = {'S-Gravenhage},
  note = {Published by Martinus Nijhoff, 's Gravenhage, 1966 as Verhandelingen
	van het Koninklijk Instituut voor Taal-, Land- en Volkenkunde Deel
	48},
  _orig = {van der Stap, P.A.M. 1966. Outline of Dani Morphology, (Verhandelingin
	KITLV 48). 's-Gravenhage.},
  alnumcodes = {lowe1415;west2594},
  languoidbase_ids = {43278;43284},
  lgcode = {Lower Grand Valley Dani [dni]},
  oldhhfn = {dani_morphology.pdf},
  pages = {vii+195},
  publisher = {Smits},
  url = {http://papuaweb.anu.edu.au/dlib/bk1/kitlv/index.html#stap-1966}
}

@BOOK{Steenbrink2003,
  author = {Steenbrink, Karel},
  year = {2003},
  title = {Catholics in Indonesia 1808-1942. A documented history.},
  address = {Leiden},
  publisher = {KITVL Press},
  _orig = {Steenbrink, Karel. 2003. Catholics in Indonesia 1808-1942. A documented
	history. Leiden: KITLV Press.}
}

@INCOLLECTION{Steinhauer1995,
  author = {Steinhauer, Hein},
  year = {1995},
  title = {Two varieties of the Blagar language (Alor, Indonesia)},
  booktitle = {Tales from a concave world: Liber amicorum Bert Voorhoeve},
  editor = {Baak, Connie and Bakker, Mary and van der Meij, Dick},
  address = {Leiden},
  publisher = {Projects Division, Department of Languages and Cultures of South-East
	Asia and Oceania},
  pages = {269-296},
  _orig = {Steinhauer, Hein. 1995. Two varieties of the Blagar language (Alor,
	Indonesia), in: Connie Baak, Mary Bakker, and Dick van der Meij (eds),
	Tales from a concave world: Liber amicorum Bert Voorhoeve, 269-296.
	Leiden: Projects Division, Department of Languages and Cultures of
	South-East Asia and Oceania.},
  keywords = {glotto duplicate}
}

@ARTICLE{Steinhauer1991,
  author = {Steinhauer, Hein},
  year = {1991},
  title = {Demonstratives in the Blagar language of Dolap (Pura, Alor, Indonesia)},
  journal = {Papers in Papuan linguistics},
  pages = {177-221},
  _orig = {Steinhauer, Hein. 1991. Demonstratives in the Blagar language of Dolap
	(Pura, Alor, Indonesia), in: Tom Dutton (ed), Papers in Papuan linguistics,
	177-221. Canberra: Pacific Linguistics.},
  address = {Canberra},
  editor = {Dutton, Tom},
  publisher = {Pacific Linguistics}
}

@INCOLLECTION{Steinhauer2010,
  author = {Steinhauer, Hein},
  year = {2010},
  title = {Pura when we were younger than today},
  booktitle = {Studia Antropologica. A Festschrift in Honour of Michael Chlenov},
  editor = {Artem Fedorchuk and Svetlana Chlenova},
  address = {Jerusalim},
  publisher = {Mosty Kul'tury Gesharim},
  pages = {261-283},
  _orig = {Steinhauer, Hein. 2010. Pura when we were younger than today. In Artem
	Fedorchuk and Svetlana Chlenova, eds., Studia Antropologica. A Festschrift
	in Honour of Michael Chlenov.: 261-83. Jerusalim: Mosty Kul'tury
	Gesharim.}
}

@INCOLLECTION{Steinhauer1993,
  author = {Steinhauer, Hein},
  year = {1993},
  title = {Sisters and potential wives: where linguists and anthropologists
	meet: notes on kinship in Blagar (Alor)},
  booktitle = {Vrienden en verwanten, Liber Amicorum Alex van der Leeden},
  editor = {Haenen, P.},
  address = {Leiden and Jakarta},
  publisher = {DSALCUL/IRIS},
  pages = {147-168},
  _orig = {Steinhauer, Hein. 1993. Sisters and potential wives: where linguists
	and anthropologists meet: notes on kinship in Blagar (Alor), in:
	P. Haenen (ed.), Vrienden en verwanten, Liber Amicorum Alex van der
	Leeden, Leiden/Jakarta, DSALCUL/IRIS: 147-168.}
}

@INCOLLECTION{Steinhauer1999,
  author = {Steinhauer, Hein},
  year = {1999},
  title = {Bahasa Blagar Selayang Pandang},
  booktitle = {Panorama bahasa Nusantara},
  editor = {Purwo, Bambang Kaswanti},
  address = {Jakarta},
  publisher = {Universitas Cenderawasih and Summer Institute of Linguistics},
  pages = {71-102},
  _orig = {Steinhauer, Hein. 1999. Bahasa Blagar Selayang Pandang, in: Bambang
	Kaswanti Purwo (ed), Panorama bahasa Nusantara, 71-102. Jakarta:
	Universitas Cenderawasih and Summer Institute of Linguistics.}
}

@INCOLLECTION{Steinhauertoappear,
  author = {Steinhauer, Hein},
  year = {To appear},
  title = {Blagar},
  booktitle = {Papuan languages of Timor-Alor-Pantar: Sketch grammars},
  editor = {Antoinette Schapper},
  address = {Berlin and New York},
  publisher = {Mouton de Gruyter},
  volume = {1},
  edition = {Asia-Pacific Linguistics},
  _orig = {Steinhauer, Hein. To appear. Blagar. In Antoinette Schapper, ed.,
	Papuan languages of Timor-Alor-Pantar: Sketch grammars Volume I.
	Asia-Pacific Linguistics, Mouton de Gruyter.}
}

@INCOLLECTION{Steinhauer2012,
  author = {Steinhauer, Hein},
  year = {2012},
  title = {Deictic categories in three languages of Eastern Indonesia},
  booktitle = {Dari menapak jejak kata sampai menyigi tata bahasa. Persembahan untuk
	Prof. Dr. Bambang Kaswanti Purwo dalam rangka ulang tahunnya yang
	ke-60},
  editor = {Bahren Umar Siregar and P. Ari Subagyo and Yassir Nasanius},
  address = {Jakarta},
  publisher = {Pusat Kajian Bahasa dan Budaya Universitas Katolik Indonesia Atma
	Jaya},
  pages = {115-147},
  _orig = {Steinhauer, Hein. 2012. Deictic categories in three languages of Eastern
	Indonesia. In Bahren Umar Siregar, P. Ari Subagyo, Yassir Nasanius
	(eds.), Dari menapak jejak kata sampai menyigi tata bahasa. Persembahan
	untuk Prof. Dr. Bambang Kaswanti Purwo dalam rangka ulang tahunnya
	yang ke-60, 115-147. Jakarta: Pusat Kajian Bahasa dan Budaya Universitas
	Katolik Indonesia Atma Jaya.}
}

@ARTICLE{Steinhauer1977,
  author = {Steinhauer, Hein},
  year = {1977},
  title = {`Going' and `Coming' in the Blagar language of Dolap (Pura, Alor,
	Indonesia)},
  journal = {NUSA: Miscellaneous Studies in Indonesian and Languages in Indonesia},
  volume = {3},
  pages = {38-48},
  _orig = {Steinhauer, Hein. 1977. `Going' and `Coming' in the Blagar language
	of Dolap (Pura, Alor, Indonesia)'' NUSA: Miscellaneous Studies in
	Indonesian and Languages in Indonesia III, 38-48.}
}

@BOOK{Steltenpool1969,
  author = {J. Steltenpool},
  year = {1969},
  title = {Ekagi-Dutch-English-Indonesian Dictionary},
  address = {The Hague},
  publisher = {Martinus Nijhoff},
  volume = {56},
  pages = {269},
  series = {Verhandelingen van het KITLV},
  _orig = {Steltenpool, J. 1969. Ekagi-Dutch-English-Indonesian Dictionary, (VKI
	56). The Hague: Martinus Nijhoff.},
  alnumcodes = {ekar1243},
  languoidbase_ids = {43309},
  lgcode = {Ekari [ekg]}
}

@ARTICLE{Stokhof1984,
  author = {W. Stokhof},
  year = {1984},
  title = {Annotations to a text in the Abui language (Alor)},
  journal = {Bijdragen tot de Taal-, Land- en Volkenkunde},
  volume = {140},
  pages = {106-162},
  number = {1},
  _orig = {Stokhof, W.A.L. 1984. Annotations to a text in the Abui language (Alor).
	Bijdragen tot de Taal-, Land- en Volkenkunde 140: 106-162.},
  lgcode = {Abui [abz]},
  oldhhfn = {abui.zip}
}

@BOOK{Stokhof1979,
  author = {Stokhof, W.A.L.},
  year = {1979},
  title = {Woisika II: Phonemics},
  address = {Canberra},
  publisher = {Pacific Linguistics},
  _orig = {Stokhof, W.A.L. 1979. Woisika II: Phonemics. Canberra: Pacific Linguistics.}
}

@INCOLLECTION{Stokhof1987,
  author = {W. A. L. Stokhof},
  year = {1987},
  title = {A short Kabola Text (Alor, East Indonesia)},
  booktitle = {A World of Language: Papers presented to Professor Stephen A. Wurm
	on his 65th Birthday},
  editor = {Laycock, Donald C. and Werner Winter},
  address = {Canberra},
  publisher = {Research School of Pacific and Asian Studies, Australian National
	University},
  pages = {631-648},
  volume = {100},
  series = {Pacific Linguistics: Series C},
  _orig = {Stokhof, W. A. L. 1987. A short Kabola text. A World of Language:
	Papers Presented to Prof. S.A. Wurm on his 65th Birthday, ed. by
	D.C. Laycock and W. Winter, 631-48. (Pacific Linguistics C-100).
	Canberra: Australian National University.},
  alnumcodes = {kabo1247},
  languoidbase_ids = {33781},
  lgcode = {Kabola [klz]}
}

@ARTICLE{Stokhof1983,
  author = {Stokhof, W. A. L.},
  year = {1983},
  title = {Names and Naming in Ateita and environments (Woisika, Alor)},
  journal = {Lingua},
  volume = {61},
  pages = {179-207},
  number = {2/3},
  _orig = {Stokhof, W. A. L. 1983. Names and Naming in Ateita and environments
	(Woisika, Alor), Lingua 61 (2/3): 179-207.}
}

@BOOK{Stokhof1982,
  author = {Stokhof, W. A. L.},
  year = {1982},
  title = {Woisika riddles},
  address = {Canberra},
  publisher = {ANU},
  volume = {41},
  pages = {iii+74},
  series = {Pacific linguistics : Series D, Special publications},
  note = {Bibliography: p. 67-74.. Materials in languages of Indonesia. Materials
	in languages of Indonesia ; 9},
  _orig = {Stokhof, W.A.L. 1982. Woisika riddles. Canberra: Pacific Linguistics.},
  alnumcodes = {kama1365},
  isbn = {9780858832572},
  languoidbase_ids = {33773},
  lgcode = {Kamang [woi]}
}

@ARTICLE{Stokhof1978,
  author = {Stokhof, W. A. L.},
  year = {1978},
  title = {Woisika text},
  journal = {Miscellaneous Studies in Indonesian and Languages in Indonesia},
  volume = {5},
  pages = {34-57},
  _orig = {Stokhof, W. A. L. 1978. Woisika text, in: Miscellaneous Studies in
	Indonesian and Languages in Indonesia 5: 34-57. Jakarta: NUSA.},
  address = {Jakarta},
  publisher = {NUSA}
}

@BOOK{Stokhof1977,
  author = {W. A. L. Stokhof},
  year = {1977},
  title = {Woisika I: An Ethnographic Introduction},
  address = {Canberra},
  publisher = {Research School of Pacific and Asian Studies, Australian National
	University},
  volume = {19},
  pages = {90},
  series = {Pacific Linguistics: Series D},
  _orig = {Stokhof, W. A. L. 1977. Woisika I: An Ethnographic Introduction. (Pacific
	Linguistics D-19). Canberra: Australian National University.},
  alnumcodes = {kama1365},
  languoidbase_ids = {33773},
  lgcode = {Kamang [woi]}
}

@BOOK{Stokhof1975,
  author = {Stokhof, W. A. L.},
  year = {1975},
  title = {Preliminary notes on the Alor and Pantar languages (East Indonesia)},
  address = {Canberra},
  publisher = {Research School of Pacific and Asian Studies, Australian National
	University},
  volume = {43},
  pages = {vi+73},
  series = {Pacific Linguistics: Series B},
  note = {Bibliography: p. 70-73.},
  _orig = {Stokhof, W.A.L. 1975. Preliminary notes on the Alor and Pantar languages
	(East Indonesia). Canberra: Pacific Linguistics.},
  asjp_name = {Sawila, Tewa, Blagar, Kabola, Nedebang, Lamma, Kamang, Alor, Abui,
	Kelon, Wersing},
  isbn = {9780858831247},
  lgcode = {3xLamma [lev], 4xTewa [twe], Nedebang [nec], 2xBlagar-Retta [ret],
	Blagar-Tereweng [twg], 3xBlagar [beu], 2xAlor [aol], 2xKabola [klz],
	Kabola-Hamap [hmu], 2xKelon [kyo], Kafoa [kpu], 2xKui [kvd], 2xAbui
	[abz], 6xWoisika = Kamang [woi], Tanglapui = Kula [tpg], Kolana =
	Wersing [kvw]}
}

@INCOLLECTION{StolzEtAl2013,
  author = {Stolz, Thomas and Ljuba Veselinova},
  year = {2013},
  title = {Ordinal Numerals},
  booktitle = {The World Atlas of Language Structures Online},
  editor = {Matthew Dryer and Martin Haspelmath},
  address = {Munich},
  publisher = {Max Planck Digital Library},
  chapter = {53},
  _orig = {Stolz, Thomas, and Ljuba Veselinova. 2013. Ordinal Numerals. In Matthew
	Dryer and Martin Haspelmath (eds.) The World Atlas of Language Structures
	Online. Munich: Max Planck Digital Library, chapter 53. Online at
	http://wals.info/chapter/53. Accessed 06 May 2013.},
  lastchecked = {06 May 2013},
  url = {http://wals.info/chapter/53}
}

@ARTICLE{Stump2010,
  author = {Stump, Gregory},
  year = {2010},
  title = {The derivation of compound ordinal numerals: Implications for morphological
	theory},
  journal = {Word Structure},
  volume = {3},
  pages = {205--233},
  number = {2},
  _orig = {Stump, Gregory. 2010. The derivation of compound ordinal numerals:
	Implications for morphological theory. Word Structure 3.2 (2010):
	205--233.}
}

@INCOLLECTION{Summerhayes2007,
  author = {Summerhayes, Glenn R.},
  year = {2007},
  title = {Island Melanesian Pasts: A view from archeology},
  booktitle = {Genes, language and culture history in the Southwest Pacific},
  editor = {Friedlaender, Jonathan S.},
  address = {Oxford},
  publisher = {Oxford University Press},
  pages = {10-35},
  _orig = {Summerhayes, Glenn R. 2007. Island Melanesian Pasts: A view from archeology.
	In Genes, language and culture history in the Southwest Pacific,
	ed. by Jonathan S. Friedlaender. Oxford: Oxford University Press,
	10-35.}
}

@INCOLLECTION{Suter2012,
  author = {Edgar Suter},
  year = {2012},
  title = {Verbs with Pronominal Object Prefixes in Finisterre-Huon Languages},
  booktitle = {History, contact and classification of Papuan languages},
  editor = {Harald Hammarstr{\"o}m and Wilco van den Heuvel},
  address = {Port Moresby},
  publisher = {Linguistic Society of Papua New Guinea},
  pages = {23-58},
  volume = {2012},
  series = {LLM Special Issue},
  _orig = {Suter, Edgar. 2012. Verbs with pronominal object prefixes in Finisterre-Huon
	languages. In Harald Hammarstr{\"o}m and Wilco van der Heuvel, eds.,
	History, Contact and Classification of Papuan Languages. (Language
	and Linguistics in Melanesia, Special Issue 2012 Part I): 23-59.
	Port Moresby: Linguistic Society of New Guinea.}
}

@ARTICLE{Tsunoda1985,
  author = {Tsunoda, Tasaku},
  year = {1985},
  title = {Remarks on transitivity},
  journal = {Journal of Linguistics},
  volume = {21},
  pages = {385-396},
  _orig = {Tsunoda, Tasaku. 1985. Remarks on transitivity. Journal of Linguistics
	21(2): 385-396.},
  ozbib_id = {5796}
}

@ARTICLE{Tsunoda1981,
  author = {Tsunoda, Tasaku},
  year = {1981},
  title = {Split case-marking in verb-types and tense/aspect/mood},
  journal = {Linguistics},
  volume = {19},
  pages = {389-438},
  number = {5-6},
  _orig = {Tsunoda, Tasaku. 1981. Split case-marking in verb-types and tense/aspect/mood.
	Linguistics 19(5-6): 389-438.},
  keywords = {glotto duplicate}
}

@BOOK{VanKlinken1999,
  author = {Van Klinken, Catharina},
  year = {1999},
  title = {A grammar of the Fehan dialect of Tetun, an Austronesian Language
	of West Timor.},
  address = {Canberra},
  publisher = {Pacific Linguistics},
  series = {C-155},
  _orig = {Van Klinken, Catharina. 1999. A grammar of the Fehan dialect of Tetun.
	Canberra: Pacific Linguistics.},
  keywords = {glotto duplicate}
}

@BOOK{Vatter1932,
  author = {Vatter, E.},
  year = {1932},
  title = {Ata Kiwan. Unbekannte Bergv{\"o}lker im Tropischen Holland.},
  address = {Leipzig},
  publisher = {Bibliographisches Institut},
  _orig = {Vatter, E. 1932. Ata Kiwan. Unbekannte Bergv{\"o}lker im Tropischen
	Holland. Leipzig: Bibliographisches Institut.}
}

@BOOK{VanDerVeen1915,
  author = {van der Veen, Hendrik},
  year = {1915},
  title = {De Noord-Halmahera'se taalgroep tegenover de austronesiese talen},
  address = {Leiden},
  publisher = {van Nifterik},
  pages = {viii+226},
  note = {PhD Leiden U},
  _orig = {van der Veen, Hendrik. 1915. De Noord-Halmahera'se Taalgroep tegenover
	de Austronesiese talen. Leiden: Van Nifterik.},
  alnumcodes = {pedi1238},
  languoidbase_ids = {30204},
  lgcode = {Pedi [nso] (computerized assignment from "noord")}
}

@ARTICLE{Verbeek1914,
  author = {Verbeek, R. D. M},
  year = {1914},
  title = {De eilanden Alor en Pantar, Residentie Timor en Onderhoorigheden},
  journal = {Tijdschrift van het Koninklijk Nederlandsch Aardrijkskundig Genootschap},
  volume = {31},
  pages = {70-102},
  _orig = {Anonymous. 1914. De eilanden Alor en Pantar, Residentie Timor en Onderhoorigheden.
	Tijdschrift van het Koninklijk Nederlandsch Aardrijkskundig Genootschap
	31. 70--102.},
  keywords = {glotto duplicate - different author indicated!}
}

@BOOK{Jilis1986,
  author = {Jilis A. J. Verheijen},
  year = {1986},
  title = {The Sama/Bajau Language in the Lesser Sunda Islands},
  address = {Canberra},
  publisher = {Research School of Pacific and Asian Studies, Australian National
	University},
  volume = {70},
  pages = {viii+209},
  series = {Pacific Linguistics: Series D},
  note = {Materials in languages of Indonesia No. 32},
  _orig = {Verheijen, Jilis A.J. 1986. The Sama/Bajau Language in the Lesser
	Sunda Islands. Verheijen, Jilis A. J. 1986. Australian National University.},
  alnumcodes = {indo1317},
  isbn = {9780858833357},
  languoidbase_ids = {42612},
  lgcode = {Bajau-Indonesian [bdl]}
}

@BOOK{Jilis1982,
  author = {Jilis A. J. Verheijen},
  year = {1982},
  title = {Komodo: Het Eiland, Het Volk en De Taal},
  address = {The Hague},
  publisher = {Martinus Nijhoff},
  volume = {96},
  pages = {xiv+260},
  series = {Verhandelingen van het Koninklijk Instituut voor Taal-, Land- en
	Volkenkunde},
  _orig = {Verheijen, Jilis A. J. 1982. Komodo. Het eiland, het volk en de taal.
	The Hague: Martinus Nijhoff.},
  alnumcodes = {komo1261},
  languoidbase_ids = {40753},
  lgcode = {Komodo [kvh]}
}

@BOOK{Verheijen1978,
  author = {Verheijen, Jilis A. J.},
  year = {1978},
  title = {Bahasa Rembong di Flores Barat},
  address = {Ruteng},
  publisher = {S.V.D.},
  volume = {3},
  _orig = {Verheijen, Jilis A. J. 1978. Bahasa Rembong di Flores Barat, Volume
	III. Ruteng: S.V.D.}
}

@BOOK{Verheijen1970,
  author = {Verheijen, Jilis A. J.},
  year = {1970},
  title = {Kamus Manggarai: Manggarai-Indonesia \&Indonesia-Manggarai},
  address = {'s-Gravenhage},
  publisher = {Nijhoff},
  volume = {2},
  note = {Introd. in English Bibliography: v. 1, p. xxvi-xxviii},
  _orig = {Verheijen, Jilis A. J. 1970. Kamus Manggarai. Volume II: Indonesia-Manggarai.
	`s Gravenhage: Martinus Nijhoff.},
  alnumcodes = {mang1405},
  languoidbase_ids = {40755},
  lgcode = {Manggarai [mqy]}
}

@BOOK{Verheijen1967,
  author = {Verheijen, Jilis A. J.},
  year = {1967},
  title = {Kamus Manggarai: Manggarai-Indonesia \&Indonesia-Manggarai},
  address = {'s-Gravenhage},
  publisher = {Nijhoff},
  note = {Introd. in English Bibliography: v. 1, p. xxvi-xxviii},
  _orig = {Verheijen, Jilis A. J. 1967. Kamus Manggarai. Volume I: Manggarai-Indonesia.
	`s Gravenhage: Martinus Nijhoff.},
  alnumcodes = {mang1405},
  languoidbase_ids = {40755},
  lgcode = {Manggarai [mqy]}
}

@BOOK{Von2010,
  author = {Von Mengden, Ferdinand},
  year = {2010},
  title = {Cardinal Numerals: Old English from a Cross-Linguistic Perspective},
  address = {Berlin and New York},
  publisher = {Mouton de Gruyter},
  _orig = {Von Mengden, Ferdinand. 2010. Cardinal Numerals: Old English from
	a Cross-Linguistic Perspective. Berlin New York: De Gruyter Mouton.}
}

@INCOLLECTION{Voorhoeve1975,
  author = {C. L. Voorhoeve},
  year = {1975},
  title = {The Central and Western Areas of the Trans-New Guinea Phylum: Central
	and Western Trans-New Guinea Phylum Languages},
  booktitle = {New Guinea Area Languages and Language Study Vol 1: Papuan Languages
	and the New Guinea linguistic scene},
  editor = {Stephen A. Wurm},
  address = {Canberra},
  publisher = {Research School of Pacific and Asian Studies, Australian National
	University},
  pages = {345-460},
  volume = {38},
  series = {Pacific Linguistics: Series C},
  _orig = {Voorhoeve, C. L. 1975. Central and western Trans-New Guinea Phylum
	languages. In S.A. Wurm, ed., New Guinea Area Languages and Language
	Study, vol. 1: Papuan languages and the New Guinea linguistics scene:
	345-460. Canberra: Australian National University.},
  lgcode = {Damal [uhn], Bogaya [boq], Mor (Bomberai Peninsula) [moq], Tanahmerah
	[tcm], Pare [ppt], Atohwaim [aqm], Elseng [mrf], Dera (Indonesia)
	[kbv], ahh}
}

@BOOK{DeVries2004,
  author = {Lourens J. de Vries},
  year = {2004},
  title = {A short grammar of Inanwatan: an endangered language of the Bird's
	head of Papua, Indonesia},
  address = {Canberra},
  publisher = {Research School of Pacific and Asian Studies, Australian National
	University},
  volume = {560},
  pages = {xii+156},
  series = {Pacific Linguistics},
  _orig = {de Vries, Lourens. 2004. A Short Grammar of Inanwatan: An endangered
	language of the Bird's Head of Papua, Indonesia, (Pacific Linguistics
	560). Canberra: Australian National University.},
  alnumcodes = {suab1238},
  isbn = {9780858835450},
  languoidbase_ids = {44670},
  lgcode = {Suabo [szp]}
}

@INCOLLECTION{Wada1980,
  author = {Wada, Yuiti},
  year = {1980},
  title = {Correspondence of Consonants in North Halmahera Languages and the
	Conservation of Archaic Sounds in Galela},
  booktitle = {The Galela of Halmahera: A Preliminary Survey},
  address = {Osaka},
  publisher = {National Museum of Ethnology},
  pages = {497-529},
  volume = {7},
  series = {Senri Ethnological Studies},
  _orig = {Wada, Yuiti. 1980. Correspondence of consonants in North Halmahera
	languages and the conservation of archaic sounds in Galela. In N.
	Ishige, ed., The Galela of Halmahera: A Preliminary Survey: 33 p.
	Osaka: Museum of Ethnology.},
  alnumcodes = {gale1259},
  languoidbase_ids = {44897},
  lgcode = {Galela [gbi]}
}

@ARTICLE{Watuseke1973,
  author = {Watuseke, F.S.},
  year = {1973},
  title = {Gegevens over de taal van Pantar: een Irian taal},
  journal = {Bijdragen tot de Koninklijk Instituut voor Taal, Land en Volkenkunde},
  volume = {129},
  pages = {340-346},
  _orig = {Watuseke, F.S. 1973. Gegevens over de taal van Pantar: een Irian taal.
	Bijdragen tot de Koninklijk Instituut voor Taal, Land en Volkenkunde
	129: 340-6.}
}

@MISC{WellfeltEtAl2013,
  author = {Wellfelt, Emilie and Antoinette Schapper},
  title = {Memories of migration and contact: East Timor origins in Alor},
  howpublished = {Paper read at the Eighth International Convention of Asia Scholars,
	June 24--27, Macao.},
  year = {2013},
  _orig = {Wellfelt, Emilie, and Antoinette Schapper. 2013. Memories of migration
	and contact: East Timor origins in Alor. Paper read at the Eighth
	International Convention of Asia Scholars, June 24‒27, Macao.}
}

@INCOLLECTION{WilliamsEtAltoappear,
  author = {Williams, Nick and Donohue, Mark},
  year = {To appear},
  title = {Kula},
  booktitle = {Papuan languages of Timor-Alor-Pantar: Sketch grammars},
  editor = {Schapper, Antoinette},
  address = {Canberra},
  publisher = {Pacific Linguistics}
}

@MISC{Glenn2013,
  author = {Glenn Windschuttel},
  title = {Space and deixis in Kui},
  howpublished = {Paper Presented at the Workshop on the Languages of Melanesia, Australian
	National University, 23-26 May 2013},
  year = {2013},
  _orig = {Windschuttel, Glenn. 2013. Space and deixis in Kui. Paper presented
	at The Languages of Melanesia Workshop, Kioloa Coastal Campus, The
	Australian National University, 23-26 May 2013.},
  lgcode = {Kui (Indonesia) [kvd]}
}

@ARTICLE{Winter1969,
  author = {Winter, Werner},
  year = {1969},
  title = {Analogischer Sprachwandel und Semantische Struktur},
  journal = {Folia Linguistica},
  volume = {3},
  pages = {29-45},
  _orig = {Winter, Werner. 1969. Analogischer Sprachwandel und Semantische Struktur.
	Folia Linguistica III. 29-45.}
}

@BOOK{VanWouden1968,
  author = {van Wouden, F.A.E.},
  year = {1968},
  title = {Types of Social Structure in Eastern Indonesia},
  address = {The Hague},
  publisher = {Marinus Nijhoff},
  edition = {Translated by Rodney Needham. Original edition, Sociale structuurtypen
	in de Groote Oost.},
  _orig = {van Wouden, F.A.E. 1968. Types of Social Structure in Eastern Indonesia.
	Translated by Rodney Needham. The Hague: Marinus Nijhoff. Original
	edition, Sociale structuurtypen in de Groote Oost.}
}

@BOOK{Wurm1975,
  author = {Wurm, S.A.},
  editor = {Stephen A. Wurm},
  year = {1975},
  title = {New Guinea Area Languages and Language Study Vol 1: Papuan Languages
	and the New Guinea linguistic scene},
  address = {Canberra},
  publisher = {Research School of Pacific and Asian Studies, Australian National
	University},
  volume = {38},
  pages = {xlvi+1038},
  series = {Pacific Linguistics: Series C},
  note = {Pacific linguistics : Series C, Books. Pacific linguistics : Series
	C, Books ; 38},
  _orig = {Wurm, Stephen A., ed. 1975. New Guinea Area Languages and Language
	Study, vol. 1: Papuan languages and the New Guinea linguistics scene,
	Pacific Linguistics C-38. Canberra: Australian National University.},
  aiatsis_callnumber = {RS 40/5 1 Rare serial Closed Access Stacks},
  fnnote = {pdf, 37,1 MB},
  oldhhfn = {wurm1975.zip},
  ozbib_id = {6265},
  ozbibreftype = {28},
  url = {http://www.papuaweb.org/dlib/bk/pl/C38/_toc.html}
}

@BOOK{Wurm1982,
  author = {Wurm, Stephen A.},
  year = {1982},
  title = {The Papuan languages of Oceania},
  address = {T{\"u}bingen},
  publisher = {Gunter Narr},
  volume = {7},
  pages = {x+330},
  series = {Ars Linguistica},
  _orig = {Wurm, Stephen A. 1982. The Papuan Languages of Oceania. T{\"u}bingen:
	Narr.},
  isbn = {9783878083573},
  lgcode = {Mapos Buang [bzh] (computerized assignment from "oceania")}
}

@INCOLLECTION{StephenEtAl1975,
  author = {Stephen A. Wurm and C. L. Voorhoeve and McElhanon, Kenneth A.},
  year = {1975},
  title = {The Trans-New Guinea Phylum in General},
  booktitle = {New Guinea Area Languages and Language Study Vol 1: Papuan Languages
	and the New Guinea linguistic scene},
  editor = {Stephen A. Wurm},
  address = {Canberra},
  publisher = {Research School of Pacific and Asian Studies, Australian National
	University},
  pages = {299-322},
  volume = {38},
  series = {Pacific Linguistics: Series C},
  _orig = {Wurm, Stephen A., C.L. Voorhoeve and Kenneth A. McElhanon. 1975. The
	Trans-New Guinea Phylum in general. In New Guinea Area Languages
	and Language Study, vol. I, Papuan Languages and the New Guinea Linguistic
	Scene, ed. by S.A. Wurm, 299-322. (Pacific Linguistics C-38). Canberra:
	Australian National University.}
}

@ARTICLE{XuEtAl2012,
  author = {Xu, Shuhua and Pugach, Irina and Stoneking, Mark and Kayser, Manfred
	and Jin,Li and The HUGO Pan-Asian Consortium},
  year = {2012},
  title = {Genetic dating indicates that the Asian-Papuan admixture through
	Eastern Indonesia corresponds to the Austronesian expansion},
  journal = {PNAS},
  volume = {109},
  pages = {4574-4579},
  number = {12},
  _orig = {Xu, Shuhua, Irina Pugach, Mark Stoneking, Manfred Kayser, Li Jin,
	and The HUGO Pan-Asian Consortium. 2012. Genetic dating indicates
	that the Asian-Papuan admixture through Eastern Indonesia corresponds
	to the Austronesian expansion. PNAS 109, 12, 4574-4579.}
}

@INCOLLECTION{Yen1977,
  author = {Yen, Douglas E.},
  year = {1977},
  title = {Hoabinhian horticulture? The evidence and the questions from northwest
	Thailand},
  booktitle = {Sunda and Sahul: Prehistoric Studies in Southeast Asia, Melanesia
	and Australia},
  editor = {Allen, Jim and Golson, Jack and Jones, Rhys},
  address = {London},
  publisher = {Academic Press},
  pages = {567-599},
  _orig = {Yen, Douglas E. 1977. Hoabinhian horticulture? The evidence and the
	questions from northwest Thailand. In Jim Allen, Jack Golson and
	Rhys Jones, eds., Sunda and Sahul: Prehistoric Studies in Southeast
	Asia, Melanesia and Australia: 567-99. London: Academic Press.}
}

@INPROCEEDINGS{ZubinEtAl1993,
  author = {Zubin, David A. and Shimojo, Mitsuaki},
  title = {How general are General Classifiers? With special reference to ko
	and tsu in Japanese},
  booktitle = {Proceedings of the Nineteenth Annual Meeting of the Berkeley Linguistics
	Society: General Session and Parasession on Semantic Typology and
	Semantic Universals},
  year = {1993},
  pages = {490-502},
  _orig = {Zubin, David A. and Mitsuaki Shimojo. 1993. How general are General
	Classifiers? With special reference to ko and tsu in Japanese. Proceedings
	of the Nineteenth Annual Meeting of the Berkeley Linguistics Society:
	General Session and Parasession on Semantic Typology and Semantic
	Universals, 490-502.}
}

