@article{hirschberg1992influence,
  author  = {Hirschberg, J. and Ward, G.},
  title   = {The influence of pitch range, duration, amplitude and spectral features on the interpretation of the rise-fall-rise intonation contour in {E}nglish},
  journal = {Journal of {P}honetics},
  year    = {1992},
  volume  = {20},
  number  = {},
  pages   = {241--251},
}

@article{grice2000place,
  author  = {Grice, M. and Ladd, D.R. and Arvaniti, A.},
  title   = {On the place of phrase accents in intonational phonology},
  journal = {Phonology},
  year    = {2000},
  volume  = {17},
  number  = {2},
  pages   = {143--185},
}

@article{cangemiFORTHtempo,
  author  = {Cangemi, F. and D'Imperio, M.},
  title   = {Tempo and the perception of sentence modality},
  journal = {Laboratory Phonology},
  year    = {2013},
  volume  = {4},
  number  = {1},
  pages   = {191--219},
}

@article{pandelaere2006question,
  author  = {Pandelaere, M. and Dewitte, S.},
  title   = {Is this a question? Not for long. The statement bias},
  journal = {Journal of Experimental Social Psychology},
  year    = {2006},
  volume  = {42},
  number  = {4},
  pages   = {525--531},
}

@article{wheeler1970processes,
  author  = {Wheeler, D.D.},
  title   = {Processes in word recognition},
  journal = {Cognitive Psychology},
  year    = {1970},
  volume  = {1},
  number  = {1},
  pages   = {59--85},
}

@article{ladefoged1957information,
  author  = {Ladefoged, P. and Broadbent, D.E.},
  title   = {Information conveyed by vowels},
  journal = {Journal of the Acoustical Society of America},
  year    = {1957},
  volume  = {29},
  number  = {1},
  pages   = {98--104},
}

@article{peterson1952control,
  author  = {Peterson, G.E. and Barney, H.L.},
  title   = {Control methods used in a study of the vowels},
  journal = {Journal of the Acoustical Society of America},
  year    = {1952},
  volume  = {24},
  number  = {2},
  pages   = {175--184},
  }

@article{fry1962identification,
  author  = {Fry, D.B. and Abramson, A.S. and Eimas, P.D. and Liberman, A.M.},
  title   = {The identification and discrimination of synthetic vowels},
  journal = {Language and Speech},
  year    = {1962},
  volume  = {5},
  number  = {4},
  pages   = {171--189},
}

@article{liberman1957discrimination,
  author  = {Liberman, A.M. and Harris, K.S. and Hoffman, H.S. and Griffith, B.C.},
  title   = {The discrimination of speech sounds within and across phoneme boundaries},
  journal = {Journal of Experimental Psychology},
  year    = {1957},
  volume  = {54},
  number  = {5},
  pages   = {358--368},
}

@article{delattre1955acoustic,
  author  = {Delattre, P.C. and Liberman, A.M. and Cooper, F.S.},
  title   = {Acoustic loci and transitional cues for consonants},
  journal = {Journal of the Acoustical Society of America},
  year    = {1955},
  volume  = {27},
  number  = {4},
  pages   = {769-773}
}

@article{cooper1952experiments,
  author  = {Cooper, F.S. and Delattre, P.C. and Liberman, A.M. and Borst, J.M. and Gerstman, L.J.},
  title   = {Some experiments on the perception of synthetic speech sounds},
  journal = {Journal of the Acoustical Society of America},
  year    = {1952},
  volume  = {24},
  number  = {6},
  pages   = {597--606}
}

@article{harris1955phoneme,
  author  = {Harris, Z.S.},
  title   = {From phoneme to morpheme},
  journal = {Language},
  year    = {1955},
  volume  = {31},
  number  = {2},
  pages   = {190--222},
}

@article{jusczyk2002speech,
  author  = {Jusczyk, P.W. and Luce, P.A.},
  title   = {Speech perception and spoken word recognition: {P}ast and present},
  journal = {Ear and Hearing},
  year    = {2002},
  volume  = {23},
  number  = {1},
  pages   = {2--40},
}

@article{marslen1978processing,
  author  = {Marslen-Wilson, W.D. and Welsh, A.},
  title   = {Processing interactions and lexical access during word recognition in continuous speech},
  journal = {Cognitive psychology},
  year    = {1978},
  volume  = {10},
  number  = {1},
  pages   = {29--63},
}

@article{blesser1972speech,
  author  = {Blesser, B.},
  title   = {Speech perception under conditions of spectral transformation: {I}. {P}honetic characteristics},
  journal = {Journal of Speech and Hearing Research},
  year    = {1972},
  volume  = {15},
  number  = {1},
  pages   = {5--41},
}

@article{mcclelland1986trace,
  author  = {McClelland, J.L. and Elman, J.L.},
  title   = {The {TRACE} model of speech perception},
  journal = {Cognitive Psychology},
  year    = {1986},
  volume  = {18},
  number  = {1},
  pages   = {1--86},
}

@article{marslen1980temporal,
  author  = {Marslen-Wilson, W. and Tyler, L.K.},
  title   = {The temporal structure of spoken language understanding},
  journal = {Cognition},
  year    = {1980},
  volume  = {8},
  number  = {1},
  pages   = {1--71},
}

@article{peterson1952information,
  author  = {Peterson, G.E.},
  title   = {The Information-Bearing Elements of Speech},
  journal = {Journal of the Acoustical Society of America},
  year    = {1952},
  volume  = {24},
  number  = {6},
  pages   = {629--637},
}

@article{licklider1952process,
  author  = {Licklider, J.C.R.},
  title   = {On the process of speech perception},
  journal = {Journal of the Acoustical Society of America},
  year    = {1952},
  volume  = {24},
  number  = {6},
  pages   = {590--594},
}

@article{lindgren1965machine,
  author  = {Lindgren, N.},
  title   = {Machine recognition of human language},
  journal = {Spectrum},
  year    = {1965},
  volume  = {2},
  number  = {3},
  pages   = {114--136},
}

@article{klatt1979speech,
  author  = {Klatt, D.H.},
  title   = {Speech perception: {A} model of acoustic-phonetic analysis and lexical access},
  journal = {Journal of Phonetics},
  year    = {1979},
  volume  = {7},
  number  = {},
  pages   = {279--312},
}
115(1):39-61.
@article{nosofsky1986attention,
  author  = {Nosofsky, R.M.},
  title   = {Attention, similarity, and the identification--categorization relationship},
  journal = {Journal of Experimental Psychology: General},
  year    = {1986},
  volume  = {115},
  number  = {1},
  pages   = {39--61},
}

@article{hintzman1986schema,
  author  = {Hintzman, D.L.},
  title   = {Schema abstraction in a multiple-trace memory model},
  journal = {Psychological Review},
  year    = {1986},
  volume  = {93},
  number  = {4},
  pages   = {411--428},
}

@article{rosch1975family,
  author  = {Rosch, E. and Mervis, C.B.},
  title   = {Family resemblances: {S}tudies in the internal structure of categories},
  journal = {Cognitive Psychology},
  year    = {1975},
  volume  = {7},
  number  = {4},
  pages   = {573--605},}

@article{medin1978context,
  author  = {Medin, D.L. and Schaffer, M.M.},
  title   = {Context theory of classification learning},
  journal = {Psychological Review},
  year    = {1978},
  volume  = {85},
  number  = {3},
  pages   = {207--238},
}

@article{posner1968genesis,
  author  = {Posner, M.I. and Keele, S.W.},
  title   = {On the genesis of abstract ideas},
  journal = {Journal of Experimental Psychology},
  year    = {1968},
  volume  = {77},
  number  = {3p1},
  pages   = {353--363},
}

@article{delattre1966dix,
  author  = {Delattre, P.},
  title   = {Les dix intonations de base du fran\c{c}ais},
  journal = {The French Review},
  year    = {1966},
  volume  = {40},
  number  = {1},
  pages   = {1--14},
}

@article{ladd2003sagging,
  author  = {Ladd, D.R. and Schepman, A.},
  title   = {``{S}agging transitions'' between high pitch accents in {E}nglish: {E}xperimental evidence},
  journal = {Journal of Phonetics},
  year    = {2003},
  volume  = {31},
  number  = {1},
  pages   = {81--112},
}

@article{pierrehumbert1981synthesizing,
  author  = {Pierrehumbert, J.B.},
  title   = {Synthesizing intonation},
  journal = {Journal of the Acoustical Society of America},
  year    = {1981},
  volume  = {70},
  number  = {4},
  pages   = {985--995},
}

@article{face2001focus,
  author  = {Face, T.L.},
  title   = {Focus and early peak alignment in {S}panish intonation},
  journal = {Probus},
  year    = {2001},
  volume  = {13},
  number  = {2},
  pages   = {223--246},
}

@article{dimperio2003tonal,
  author  = {D'Imperio, M.},
  title   = {Tonal structure and pitch targets in {I}talian focus constituents},
  journal = {Catalan Journal of Linguistics},
  year    = {2003},
  volume  = {2},
  number  = {},
  pages   = {55--65},
}

@article{dombrowski2005acoustic,
  author  = {Dombrowski, E. and Niebuhr, O.},
  title   = {Acoustic patterns and communicative functions of phrase-final F0 rises in {G}erman: {A}ctivating and restricting contours},
  journal = {Phonetica},
  year    = {2005},
  volume  = {62},
  number  = {2-4},
  pages   = {176--195},
}


@article{savino2012intonation,
  author  = {Savino, M.},
  title   = {The intonation of polar questions in {I}talian: {W}here is the rise?},
  journal = {Journal of the International Phonetic Association},
  year    = {2012},
  volume  = {42},
  number  = {},
  pages   = {23--48},
}

@article{petrone2014intonation,
  author  = {Petrone, Caterina and Niebuhr, Oliver},
  title   = {On the intonation in {G}erman intonation questions: {T}he role of the prenuclear region},
  journal = {Language and Speech},
  year    = {2014},
  volume  = {57},
  number  = {1},
  pages   = {108--46},
}

@article{gilifivela2006coding,
  author  = {Gili Fivela, B.},
  title   = {The coding of target alignment and scaling in pitch accent transcription},
  journal = {Italian Journal of Linguistics},
  year    = {2006},
  volume  = {18},
  number  = {1},
  pages   = {189--221}
}

@article{moulines1990pitchsyncronous,
  author  = {Moulines, E. and Charpentier, F.},
  title   = {Pitch-synchronous waveform processing techniques for text-to-speech synthesis using diphones},
  journal = {Speech Communication},
  year    = {1990},
  volume  = {9},
  number  = {5},
  pages   = {453--467},}

@article{dimperio2002italian,
  author  = {D'Imperio, M.},
  title   = {Italian intonation: {A}n overview and some questions},
  journal = {Probus},
  year    = {2002},
  volume  = {14},
  number  = {1},
  pages   = {37--69}
}

@article{schouten1985identification,
  author  = {Schouten, M.E.H.},
  title   = {Identification and discrimination of sweep tones},
  journal = {Attention, Perception, \& Psychophysics},
  year    = {1985},
  volume  = {37},
  number  = {4},
  pages   = {369--376},}

@article{klatt1973discrimination,
  author  = {Klatt, D.H.},
  title   = {Discrimination of fundamental frequency contours in synthetic speech: {I}mplications for models of pitch perception},
  journal = {Journal of the Acoustical Society of America},
  year    = {1973},
  volume  = {53},
  number  = {1},
  pages   = {8--16},
}

@article{rossi1971seuil,
  author  = {Rossi, M.},
  title   = {Le seuil de glissando ou seuil de perception des variations tonales pour les sons de la parole},
  journal = {Phonetica},
  year    = {1971},
  volume  = {23},
  number  = {1},
  pages   = {1--33},
}

@article{sergeant1962sensitivity,
  author  = {Sergeant, R.L. and Harris, J.D.},
  title   = {Sensitivity to unidirectional frequency modulation},
  journal = {Journal of the Acoustical Society of America},
  year    = {1962},
  volume  = {34},
  number  = {10},
  pages   = {1625--1628},
}

@article{dahan2002accent,
  author  = {Dahan, D. and Tanenhaus, M.K. and Chambers, C.G.},
  title   = {Accent and reference resolution in spoken-language comprehension},
  journal = {Journal of Memory and Language},
  year    = {2002},
  volume  = {47},
  number  = {2},
  pages   = {292--314},
}

@article{sheffert2002learning,
  author  = {Sheffert, S.M. and Pisoni, D.B. and Fellowes, J.M. and Remez, R.E.},
  title   = {Learning to recognize talkers from natural, sinewave, and reversed speech samples},
  journal = {Journal of Experimental Psychology: Human Perception and Performance},
  year    = {2002},
  volume  = {28},
  number  = {6},
  pages   = {1447--1469},
}

@article{lisker1986voicing,
  author  = {Lisker, L.},
  title   = {Voicing in {E}nglish: {A} catalogue of acoustic features signaling /b/ versus /p/ in trochees},
  journal = {Language and Speech},
  year    = {1986},
  volume  = {29},
  number  = {},
  pages   = {3--11},
}

@article{remez1997talker,
  author  = {Remez, R.E. and Fellowes, J.M. and Rubin, P.E.},
  title   = {Talker identification based on phonetic information},
  journal = {Journal of Experimental Psychology: Human Perception and Performance},
  year    = {1997},
  volume  = {23},
  number  = {3},
  pages   = {651--666},
}

@article{nosofsky1988exemplar,
  author  = {Nosofsky, R.M.},
  title   = {Exemplar-based accounts of relations between classification, recognition, and typicality},
  journal = {Journal of Experimental Psychology: Learning, Memory, and Cognition},
  year    = {1988},
  volume  = {14},
  number  = {4},
  pages   = {700--708},
}

@article{goldinger1996words,
  author  = {Goldinger, S.D.},
  title   = {Words and voices: {E}pisodic traces in spoken word identification and recognition memory},
  journal = {Journal of Experimental Psychology: Learning, Memory, and Cognition},
  year    = {1996},
  volume  = {22},
  number  = {5},
  pages   = {1166--1183},
}

@article{schacter1992auditory,
  author  = {Schacter, D.L. and Church, B.A.},
  title   = {Auditory priming: {I}mplicit and explicit memory for words and voices},
  journal = {Journal of Experimental Psychology: Learning, Memory, and Cognition},
  year    = {1992},
  volume  = {18},
  number  = {5},
  pages   = {915--930},
}

@article{palmeri1993episodic,
  author  = {Palmeri, T.J. and Goldinger, S.D. and Pisoni, D.B.},
  title   = {Episodic encoding of voice attributes and recognition memory for spoken words},
  journal = {Journal of Experimental Psychology: Learning, Memory, and Cognition},
  year    = {1993},
  volume  = {19},
  number  = {2},
  pages   = {309--328},
}

@article{goldinger1991nature,
  author  = {Goldinger, S.D. and Pisoni, D.B. and Logan, J.S.},
  title   = {On the nature of talker variability effects on recall of spoken word lists},
  journal = {Journal of Experimental Psychology: Learning, Memory, and Cognition},
  year    = {1991},
  volume  = {17},
  number  = {1},
  pages   = {152--162},
}

@article{kruschke1992alcove,
  author  = {Kruschke, J.K.},
  title   = {{ALCOVE}: {A}n exemplar-based connectionist model of category learning},
  journal = {Psychological Review},
  year    = {1992},
  volume  = {99},
  number  = {1},
  pages   = {22--44},
}

@article{standing1970perception,
  author  = {Standing, L. and Conezio, J. and Haber, R.N.},
  title   = {Perception and memory for pictures: {S}ingle-trial learning of 2500 visual stimuli.},
  journal = {Psychonomic Science},
  year    = {1970},
  volume  = {19},
  number  = {2},
  pages   = {73--74},
}

@article{church1994perceptual,
  author  = {Church, B.A. and Schacter, D.L.},
  title   = {Perceptual specificity of auditory priming: {I}mplicit memory for voice intonation and fundamental frequency.},
  journal = {Journal of Experimental Psychology: Learning, Memory, and Cognition},
  year    = {1994},
  volume  = {20},
  number  = {3},
  pages   = {521--533},
}

@article{oldfield1966things,
  author  = {Oldfield, R.C.},
  title   = {Things, words and the brain},
  journal = {The Quarterly Journal of Experimental Psychology},
  year    = {1966},
  volume  = {18},
  number  = {4},
  pages   = {340--353},
}

@article{tenpenny1995abstractionist,
  author  = {Tenpenny, P.L.},
  title   = {Abstractionist versus episodic theories of repetition priming and word identification},
  journal = {Psychonomic Bulletin \& Review},
  year    = {1995},
  volume  = {2},
  number  = {3},
  pages   = {339--363},
}

@article{mcclelland1985distributed,
  author  = {McClelland, J.L. and Rumelhart, D.E.},
  title   = {Distributed memory and the representation of general and specific information},
  journal = {Journal of Experimental Psychology: General},
  year    = {1985},
  volume  = {114},
  number  = {2},
  pages   = {159--197},
}

@article{luce1998recognizing,
  author  = {Luce, P.A. and Pisoni, D.B.},
  title   = {Recognizing spoken words: {T}he neighborhood activation model},
  journal = {Ear and Hearing},
  year    = {1998},
  volume  = {19},
  number  = {1},
  pages   = {1--36},
}

@article{norris1994shortlist,
  author  = {Norris, D.},
  title   = {Shortlist: {A} connectionist model of continuous speech recognition},
  journal = {Cognition},
  year    = {1994},
  volume  = {52},
  number  = {3},
  pages   = {189--234},
}

@article{stevens1960model,
  author  = {Stevens, K.},
  title   = {Toward a model for speech recognition},
  journal = {Journal of the Acoustical Society of America},
  year    = {1960},
  volume  = {32},
  number  = {1},
  pages   = {47--55},
}

@article{liberman1957results,
  author  = {Liberman, A.M.},
  title   = {Some results of research on speech perception},
  journal = {Journal of the Acoustical Society of America},
  year    = {1957},
  volume  = {29},
  number  = {1},
  pages   = {117--123},
}

@article{local2003variable,
  author  = {Local, J.},
  title   = {Variable domains and variable relevance: {I}nterpreting phonetic exponents},
  journal = {Journal of Phonetics},
  year    = {2003},
  volume  = {31},
  number  = {3-4},
  pages   = {321--339},
}

@article{heinrich2010influence,
  author  = {Heinrich, A. and Flory, Y. and Hawkins, S.},
  title   = {Influence of English r-resonances on intelligibility of speech in noise for native {E}nglish and {G}erman listeners},
  journal = {Speech Communication},
  year    = {2010},
  volume  = {52}, 
  number  = {11},
  pages   = {1038--1055},
}

@article{smith2012phonetic,
  author  = {Smith, R. and Baker, R. and Hawkins, S.},
  title   = {Phonetic detail that distinguishes prefixed from pseudo-prefixed words},
  journal = {Journal of Phonetics},
  year    = {2012},
  volume  = {40},
  number  = {5},
  pages   = {689–-705},
}

@article{hawkins2001polysp,
  author  = {Hawkins, S. and Smith, R.},
  title   = {Polysp: {A} polysystemic, phonetically-rich approach to speech understanding},
  journal = {Italian Journal of Linguistics},
  year    = {2001},
  volume  = {13},
  number  = {},
  pages   = {99--188},
}

@article{west1999perception,
  author  = {West, P.},
  title   = {Perception of distributed coarticulatory properties of English /l/ and /r/},
  journal = {Journal of Phonetics},
  year    = {1999},
  volume  = {27},
  number  = {4},
  pages   = {405--426},
}

@article{vanalphen2006effect,
  author  = {{van Alphen}, P.M. and McQueen, J.M.},
  title   = {The effect of voice onset time differences on lexical access in dutch},
  journal = {Journal of Experimental Psychology: Human Perception and Performance},
  year    = {2006},
  volume  = {32},
  number  = {1},
  pages   = {178--196},
  }

@article{adjarian1899explosives,
  author  = {Adjarian, H.},
  title   = {Les explosives de l'ancien arménien étudiées dans les dialectes modernes},
  journal = {La Parole. Revue internationale de Rhinologie, Otologie, Laryngologie et Phonétique expérimentale},
  year    = {1899},
  volume  = {},
  number  = {},
  pages   = {119--127},
}

@article{lisker1964crosslanguage,
  author  = {Lisker, L. and Abramson, A.S.},
  title   = {A cross-language study of voicing in initial stops: {A}coustical measurements},
  journal = {Word},
  year    = {1964},
  volume  = {20},
  number  = {3},
  pages   = {384--422},
}

@article{ernestusacoustic,
  author  = {Ernestus, M.},
  title   = {Acoustic reduction and the roles of abstractions and exemplars in speech processing},
  journal = {Lingua},
  year    = {2013},
  volume  = {},
  number  = {},
  pages   = {},
}

@article{hawkins2004influence,
  author  = {Hawkins, S. and Nguyen, N.},
  title   = {Influence of syllable-coda voicing on the acoustic properties of syllable-onset /l/ in {E}nglish},
  journal = {Journal of Phonetics},
  year    = {2004},
  volume  = {32},
  number  = {2},
  pages   = {199--231},
}

@article{coleman2003discovering,
  author  = {Coleman, J.},
  title   = {Discovering the acoustic correlates of phonological contrasts},
  journal = {Journal of Phonetics},
  year    = {2003},
  volume  = {31},
  number  = {3-4},
  pages   = {351--372},
}

@article{flemming2001scalar,
  author  = {Flemming, E.},
  title   = {Scalar and categorical phenomena in a unified model of phonetics and phonology},
  journal = {Phonology},
  year    = {2001},
  volume  = {18},
  number  = {1},
  pages   = {7--44},
}

@article{levi2010priming,
  author  = {Levi, S. and Bruno, J.},
  title   = {Priming at the level of phonetic detail: {E}vidence from voice onset time},
  journal = {Journal of the Acoustical Society of America},
  year    = {2010},
  volume  = {127},
  number  = {3},
  pages   = {1853},
}

@article{elman1988cognitive,
  author  = {Elman, J.L. and McClelland, J.L.},
  title   = {Cognitive penetration of the mechanisms of perception: {C}ompensation for coarticulation of lexically restored phonemes},
  journal = {Journal of Memory and Language},
  year    = {1988},
  volume  = {27},
  number  = {2},
  pages   = {143--165},
}

@article{ohala1990interface,
  author  = {Ohala, J.J.},
  title   = {There is no interface between phonology and phonetics: {A} personal view},
  journal = {Journal of Phonetics},
  year    = {1990},
  volume  = {18},
  number  = {2},
  pages   = {153--172},
}

@article{pierrehumbert1990phonological,
  author  = {Pierrehumbert, J.B.},
  title   = {Phonological and phonetic representation},
  journal = {Journal of Phonetics},
  year    = {1990},
  volume  = {18},
  number  = {3},
  pages   = {375--394},
}

@article{xu2005speech,
  author  = {Xu, Y.},
  title   = {Speech melody as articulatorily implemented communicative functions},
  journal = {Speech Communication},
  year    = {2005},
  volume  = {46},
  number  = {3},
  pages   = {220--251},
}

@article{repp1979relative,
  author  = {Repp, B.H.},
  title   = {Relative amplitude of aspiration noise as a voicing cue for syllable-initial stop consonants},
  journal = {Language and Speech},
  year    = {1979},
  volume  = {22},
  number  = {2},
  pages   = {173--189},
}

@article{arndt1960modal,
  author  = {Arndt, W.},
  title   = {Modal Particles in {R}ussian and {G}erman},
  journal = {Word},
  year    = {1960},
  volume  = {16},
  number  = {},
  pages   = {323--336},
}

@article{stevens2002toward,
  author  = {Stevens, K.N.},
  title   = {Toward a model for lexical access based on acoustic landmarks and distinctive features},
  journal = {Journal of the Acoustical Society of America},
  year    = {2002},
  volume  = {111},
  number  = {4},
  pages   = {1872--1891},
}

@article{muniz2012prosodia,
  author  = {Mu\~{n}iz Cach\'{o}n, C. and Gonz\'{a}lez Rodr\'{i}guez, R. and D\'{i}az G\'{o}mez, L. and Alvarellos Pedrero, M.},
  title   = {Prosodia gallego-asturiana en enunciaos {SVO}},
  journal = {Revista de Filolox\'{i}a Asturiana},
  year    = {2012},
  volume  = {6},
  number  = {6-8},
  pages   = {339--379},
}

@article{smith2002prosodic,
  author  = {Smith, C.L.},
  title   = {Prosodic finality and sentence type in {F}rench},
  journal = {Language and Speech},
  year    = {2002},
  volume  = {45},
  number  = {2},
  pages   = {141--178},
}

@article{ryalls1994effects,
  author  = {Ryalls, J. and Le Dorze, G. and Lever, N. and Ouellet, L. and Larfeuil, C.},
  title   = {The effects of age and sex on speech intonation and duration for matched statements and questions in {F}rench},
  journal = {Journal of the Acoustical Society of America},
  year    = {1994},
  volume  = {95},
  number  = {4},
  pages   = {2274--2276},
}

@article{henriksen2012intonation,
  author  = {Henriksen, N.C.},
  title   = {The Intonation and Signaling of Declarative Questions in {M}anchego {P}eninsular {S}panish},
  journal = {Language and Speech},
  year    = {2012},
  volume  = {55},
  number  = {4},
  pages   = {},
}

@article{maturi1988intonazione,
  author  = {Maturi, P.},
  title   = {L'intonazione delle frasi dichiarative ed interrogative nella variet\`{a} napoletana dell'italiano},
  journal = {Rivista Italiana di Acustica},
  year    = {1988},
  volume  = {12},
  number  = {},
  pages   = {13--30},
}

@article{ohala1984ethological,
  author  = {Ohala, J.J.},
  title   = {An ethological perspective on common cross-language utilization of F0 of voice},
  journal = {Phonetica},
  year    = {1984},
  volume  = {41},
  number  = {1},
  pages   = {1--16},
}

@article{magnocaldognetto1978f0,
  author  = {Magno Caldognetto, E. and Ferrero, F. and Lavagnoli, C. and Vagges, K.},
  title   = {F0 Contours of Statements, yes-no Questions, and wh-Questions of two Regional Varieties of {I}talian},
  journal = {Journal of Italian Linguistics},
  year    = {1978},
  volume  = {3},
  number  = {1},
  pages   = {57--66},
}

@article{beckman1996parsing,
  author  = {Beckman, M.E.},
  title   = {The parsing of prosody},
  journal = {Language and Cognitive Processes},
  year    = {1996},
  volume  = {11},
  number  = {1-2},
  pages   = {17--68},
}

@article{shattuck1996prosody,
  author  = {Shattuck-Hufnagel, S. and Turk, A.E.},
  title   = {A prosody tutorial for investigators of auditory sentence processing},
  journal = {Journal of Psycholinguistic Research},
  year    = {1996},
  volume  = {25},
  number  = {2},
  pages   = {193--247},
}

@article{wells1945pitch,
  author  = {Wells, R.S.},
  title   = {The pitch phonemes of {E}nglish},
  journal = {Language},
  year    = {1945},
  volume  = {21},
  number  = {},
  pages   = {27--39},
}

@article{dimperio1995timing,
  author  = {D'Imperio, M.},
  title   = {Timing differences between prenuclear and nuclear pitch accents in {I}talian},
  journal = {Journal of the Acoustical Society of America},
  year    = {1995},
  volume  = {98},
  number  = {5},
  pages   = {2894},
}

@article{dimperio2001focus,
  author  = {D'Imperio, M.},
  title   = {Focus and tonal structure in Neapolitan Italian},
  journal = {Speech Communication},
  year    = {2001},
  volume  = {33},
  number  = {4},
  pages   = {339--356},
}

@article{prieto2005pitch,
  author  = {Prieto, P. and D'Imperio, M. and Gili Fivela, B.},
  title   = {Pitch accent alignment in {R}omance: {P}rimary and secondary associations with metrical structure},
  journal = {Language and Speech},
  year    = {2005},
  volume  = {48},
  number  = {4},
  pages   = {359--396},
}

@article{bybee2006usage,
  author  = {Bybee, J.},
  title   = {From usage to grammar: {T}he mind's response to repetition},
  journal = {Language},
  year    = {2006},
  volume  = {82},
  number  = {4},
  pages   = {711--733},
}

@article{browman1986articulatory,
  author  = {Browman, C. and Goldstein, L.},
  title   = {Towards an articulatory phonology},
  journal = {Phonology Yearbook},
  year    = {1986},
  volume  = {3},
  number  = {},
  pages   = {219--252},
}

@article{firth1948prosodies,
  author  = {Firth, J.R.},
  title   = {Sounds and prosodies},
  journal = {Transactions of the Philological Society},
  year    = {1948},
  volume  = {47},
  number  = {1},
  pages   = {127--152},
}

@article{thart1976psychoacoustic,
  author  = {{'t Hart}, J.},
  title   = {Psychoacoustic backgrounds of pitch contour stylisation},
  journal = {IPO - Annual Progress Report},
  year    = {1976},
  volume  = {11},
  number  = {},
  pages   = {11--19},
}

@article{grice2002deutsche,
  author  = {Grice, M. and Baumann, S.},
  title   = {Deutsche intonation und {GToBI}},
  journal = {Linguistische Berichte},
  year    = {2002},
  volume  = {191},
  number  = {},
  pages   = {267--298},
}

@article{kohler1991model,
  author  = {Kohler, K.J.},
  title   = {A model of {G}erman intonation},
  journal = {Arbeitsberichte des Instituts f\"{u}r Phonetik der Universit\"{a}t Kiel},
  year    = {1991},
  volume  = {25},
  number  = {},
  pages   = {295--360},
}

@article{house1997perceptual,
  author  = {House, D.},
  title   = {Perceptual thresholds and tonal categories},
  journal = {Phonum},
  year    = {1997},
  volume  = {4},
  number  = {},
  pages   = {179--182},
}

@article{atterer2004phonetics,
  author  = {Atterer, M. and Ladd, D.R.},
  title   = {On the phonetics and phonology of segmental anchoring of {F}0: {E}vidence from {G}erman},
  journal = {Journal of Phonetics},
  year    = {2004},
  volume  = {32},
  number  = {},
  pages   = {177--197},
}

@article{bolinger1951intonation,
  author  = {Bolinger, D.},
  title   = {Intonation: {L}evels versus configurations},
  journal = {Word},
  year    = {1951},
  volume  = {7},
  number  = {},
  pages   = {199--210}
}

@article{charlesluce1985word,
  author  = {Charles-Luce, J.},
  title   = {Word-final devoicing in {G}erman and the effects of phonetic and sentential contexts},
  journal = {Journal of the Acoustical Society of America},
  year    = {1985},
  volume  = {77},
  number  = {},
  pages   = {S85},
}

@article{charlesluce1987reanalysis,
  title   = {A reanalysis of {C}atalan devoicing},
  author  = {Charles-Luce, J. and Dinnsen, D.A.},
  journal = {Journal of Phonetics},
  year    = {1987},
  volume  = {15},
  number  = {2},
  pages   = {187--190},
}

@article{dinnsen1971three,
  author  = {Dinnsen, D. and {Garcia Zamor}, M.},
  title   = {The three degrees of vowel length in {G}erman},
  journal = {Research on Language \& Social Interaction},
  year    = {1971},
  volume  = {4},
  number  = {1},
  pages   = {111--126},
}

@article{dinnsen1984phonological,
  author  = {Dinnsen, D.A. and Charles-Luce, J.},
  title   = {Phonological neutralization, phonetic implementation and individual differences},
  journal = {Journal of Phonetics},
  year    = {1984},
  volume  = {12},
  number  = {1},
  pages   = {49--60},
}

@article{dmitrieva2010phonological,
  author  = {Dmitrieva, O. and Jongman, A. and Sereno, J.},
  title   = {Phonological neutralization by native and non-native speakers: {T}he case of {R}ussian final devoicing},
  journal = {Journal of Phonetics},
  year    = {2010},
  volume  = {38},
  number  = {3},
  pages   = {483--492},
}

@article{duncan1972signals,
  author  = {Duncan, S.},
  title   = {Some signals and rules for taking speaking turns in conversations},
  journal = {Journal of personality and social psychology},
  year    = {1972},
  volume  = {23},
  number  = {2},
  pages   = {283--292},
}

@article{eefting1991effect,
  author  = {Eefting, W.},
  title   = {The effect of ‘‘information value’’and ‘‘accentuation’’ on the duration of {D}utch words, syllables, and segments},
  journal = {Journal of the Acoustical Society of America},
  year    = {1991},
  volume  = {89},
  number  = {1},
  pages   = {412--424}
}

@article{farnetani1990rhytmic,
  author  = {Farnetani, E. and Kori, S.},
  title   = {Rhytmic structure in Italian noun phrases: {A} study on vowel durations},
  journal = {Phonetica},
  year    = {1991},
  volume  = {47},
  number  = {},
  pages   = {50--65}
}

@article{fourakis1984incomplete,
  title   = {On the ‘incomplete neutralization’ of {G}erman final obstruents},
  author  = {Fourakis, M. and Iverson, G.K.},
  journal = {Phonetica},
  year    = {1984},
  volume  = {41},
  number  = {3},
  pages   = {140--149},
}

@article{frick1995accepting,
  author  = {Frick, R.W.},
  title   = {Accepting the null hypothesis},
  journal = {Memory \& Cognition},
  year    = {1995},
  volume  = {23},
  number  = {1},
  pages   = {132--138},
}

@article{hawkins2003roles,
  author  = {Hawkins, S.},
  title   = {Roles and representations of systematic fine phonetic detail in speech understanding},
  journal = {Journal of Phonetics},
  year    = {2003},
  volume  = {31},
  number  = {3-4},
  pages   = {373--405},
}

@article{huddleston1994contrast,
  author  = {Huddleston, R.},
  title   = {The contrast between interrogatives and questions},
  journal = {Journal of Linguistics},
  year    = {1994},
  volume  = {30},
  number  = {2},
  pages   = {411--39},
}

@article{jassem1989neutralization,
  title   = {Neutralization of voicing in {P}olish obstruents},
  author  = {Jassem, W. and Richter, L.},
  journal = {Journal of Phonetics},
  year    = {1989},
  volume  = {17},
  number  = {4},
  pages   = {317--326},
}

@article{kleber2010implications,
  author  = {Kleber, F. and John, T. and Harrington, J.},
  title   = {The implications for speech perception of incomplete neutralization of final devoicing in {G}erman},
  journal = {Journal of Phonetics},
  year    = {2010},
  volume  = {38},
  number  = {2},
  pages   = {185--196}
}

@article{lyberg1981observations,
  author  = {Lyberg, B.},
  title   = {Some observations on the vowel duration and the fundamental frequency contour in {S}wedish utterances},
  journal = {Journal of Phonetics},
  year    = {1981},
  volume  = {9},
  number  = {},
  pages   = {261--272},
}

@article{manaster1996letter,
  title   = {A letter from an incompletely neutral phonologist},
  author  = {{Manaster Ramer}, A.},
  journal = {Journal of Phonetics},
  year    = {1996},
  volume  = {24},
  number  = {4},
  pages   = {477--489},
}

@article{mascaro1987underlying,
  author  = {Mascar{\'o}, J.},
  title   = {Underlying voicing recoverability of finally devoiced obstruents in {C}atalan},
  journal = {Journal of Phonetics},
  year    = {1987},
  volume  = {15},
  number  = {},
  pages   = {183--186},
}

@article{noth2000verbmobil,
  author  = {Noth, E. and Batliner, A. and Kie\ss{}ling, A. and Kompe, R. and Niemann, H.},
  title   = {Verbmobil: {T}he use of prosody in the linguistic components of a speech understanding system},
  journal = {Speech and Audio Processing},
  year    = {2000},
  volume  = {8},
  number  = {5},
  pages   = {519--532}
}

@article{odell1983discrimination,
  title   = {Discrimination of word-final voicing in {G}erman},
  author  = {{O'Dell}, M. and Port, R.},
  journal = {Journal of the Acoustical Society of America},
  year    = {1983},
  volume  = {73},
  number  = {},
  pages   = {S31},
}

@article{ohala1983cross,
  author  = {Ohala, J.},
  title   = {Cross-language use of pitch: {A}n ethological view},
  journal = {Phonetica},
  year    = {1983},
  volume  = {40},
  number  = {1},
  pages   = {1--18}
}

@article{pierrehumbert1989categories,
  author  = {Pierrehumbert, J. and Steele, S.},
  title   = {Categories of tonal alignment in {E}nglish},
  journal = {Phonetica},
  year    = {1989},
  volume  = {46},
  number  = {3},
  pages   = {181--196},
}

@article{port1981neutralization,
  title   = {Neutralization of obstruent voicing in German is incomplete},
  author  = {Port, R. and Mitleb, F. and O'Dell, M.},
  journal = {Journal of the Acoustical Society of America},
  year    = {1981},
  volume  = {70},
  number  = {},
  pages   = {S13},
}

@article{port1985neutralization,
  title   = {Neutralization of syllable-final voicing in {G}erman},
  author  = {Port, R.F. and O'Dell, M.L.},
  journal = {Journal of Phonetics},
  year    = {1985},
  volume  = {13},
  number  = {4},
  pages   = {455--471},
}

@article{port1989incomplete,
  author  = {Port, R. and Crawford, P.},
  title   = {Incomplete neutralization and pragmatics in {G}erman},
  journal = {Journal of Phonetics},
  year    = {1989},
  volume  = {17},
  number  = {4},
  pages   = {257--282},
}

@article{port1996discreteness,
  title   = {The discreteness of phonetic elements and formal linguistics: {R}esponse to {A}. {M}anaster {R}amer},
  author  = {Port, R.F.},
  journal = {Journal of Phonetics},
  year    = {1996},
  volume  = {24},
  number  = {4},
  pages   = {491--512},
}

@article{pye1986word,
  title   = {Word-final devoicing of obstruents in {R}ussian},
  author  = {Pye, S.},
  journal = {Cambridge papers in phonetics and experimental linguistics},
  year    = {1986},
  volume  = {5},
  number  = {},
  pages   = {1--10},
}

@article{rialland1984fini,
  author  = {Rialland, A.},
  title   = {Le fini/l'infini ou l'affirmation/l'interrogation en moba (langue volta{\"i}que parl{\'e}e au {N}ord-{T}ogo)},
  journal = {Studies in African Linguistics},
  year    = {1984},
  volume  = {supp. 9},
  number  = {},
  pages   = {258--261},
}

@article{rietveld1987perceived,
  author  = {Rietveld, A.C. and Gussenhoven, C.},
  title   = {Perceived speech rate and intonation},
  journal = {Journal of Phonetics},
  year    = {1987},
  volume  = {15},
  number  = {3},
  pages   = {273--285},
}

@article{scherer1984vocal,
  author  = {Scherer, K.R. and Ladd, D.R. and Silverman, K.E.A.},
  title   = {Vocal cues to speaker affect: {T}esting two models},
  journal = {Journal of the Acoustical Society of America},
  year    = {1984},
  volume  = {76},
  number  = {5},
  pages   = {1346--1356},
}

@article{searle1976classification,
  author  = {Searle, J.R.},
  title   = {A classification of illocutionary acts},
  journal = {Language in Society},
  year    = {1976},
  volume  = {5},
  number  = {1},
  pages   = {1--23},
}

@article{sekiguchi2006effects,
  author  = {Sekiguchi, T.},
  title   = {Effects of lexical prosody and word familiarity on lexical access of spoken Japanese words},
  journal = {Journal of Psycholinguistic Research},
  year    = {2006},
  volume  = {35},
  number  = {4},
  pages   = {369--384}
}

@article{shriberg1998can,
  author  = {Shriberg, E. and Stolcke, A. and Jurafsky, D. and Coccaro, N. and Meteer, M. and Bates, R. and Taylor, P. and Ries, K. and Martin, R. and Van Ess-Dykema, C.},
  title   = {Can prosody aid the automatic classification of dialog acts in conversational speech?},
  journal = {Language and Speech},
  year    = {1998},
  volume  = {41},
  number  = {3-4},
  pages   = {443--492},
}

@article{slowiaczek1985neutralizing,
  author  = {Slowiaczek, L.M. and Dinnsen, D.A.},
  title   = {On the neutralizing status of {P}olish word-final devoicing},
  journal = {Journal of Phonetics},
  year    = {1985},
  volume  = {13},
  number  = {3},
  pages   = {325--341},
}

@article{slowiaczek1989perception,
  title   = {Perception of word-final devoicing in {P}olish},
  author  = {Slowiaczek, L.M. and Szymanska, H.J.},
  journal = {Journal of Phonetics},
  year    = {1989},
  volume  = {17},
  number  = {3},
  pages   = {205--212},
}

@article{vanheerden2007speech,
  author  = {{van Heerden}, C.J. and Barnard, E.},
  title   = {Speech rate normalization used to improve speaker verification},
  journal = {South African Institute of Electrical Engineers},
  year    = {2007},
  volume  = {98},
  number  = {4},
  pages   = {136--140},
}

@article{vanheuven2005speech,
  author  = {{van Heuven}, V. and {van Zanten}, E.},
  title   = {Speech rate as a secondary prosodic characteristic of polarity questions in three languages},
  journal = {Speech Communication},
  year    = {2005},
  volume  = {47},
  number  = {1},
  pages   = {87-99}
}

@article{warner2004incomplete,
  author  = {Warner, N. and Jongman, A. and Sereno, J. and Kemps, R.},
  title   = {Incomplete neutralization and other sub-phonemic durational differences in production and perception: {E}vidence from {D}utch},
  journal = {Journal of Phonetics},
  year    = {2004},
  volume  = {32},
  number  = {2},
  pages   = {251--276},
}

@article{warner2006orthographic,
  author={Warner, N. and Good, E. and Jongman, A. and Sereno, J.},
  title={Orthographic vs. morphological incomplete neutralization effects},
  journal = {Journal of Phonetics},
  year    = {2006},
  volume  = {34},
  number  = {2},
  pages   = {285--293},
}

@article{williams1972emotions,
  author  = {Williams, C.E. and Stevens, K.N.},
  title   = {Emotions and speech: {S}ome acoustical correlates},
  journal = {Journal of the Acoustical Society of America},
  year    = {1972},
  volume  = {52},
  number  = {4},
  pages   = {1238--1250},
}

@article{winterFORTHnature,
  author  = {Winter, B. and R{\"o}ttger, T.},
  title   = {The nature of incomplete neutralization in {G}erman: {I}mplications for laboratory phonology},
  journal = {Grazer Linguistische Studien},
  year    = {forthcoming},
  volume  = {},
  number  = {},
  pages   = {},
}




@book{ladefoged2000course,
  author    = {Ladefoged, P.},
  title     = {A Course in Phonetics (4th edition)},
  year      = {2000},
  address   = {Boston},
  publisher = {Heinle \& Heinle}
}

@book{gilifivela2008intonation,
  author    = {Gili Fivela, B.},
  title     = {Intonation in production and perception: {T}he case of {P}isa {I}talian},
  year      = {2008},
  address   = {Alessandria},
  publisher = {Edizioni dell'{O}rso},
}

@book{pierrehumbert1988japanese,
  author    = {Pierrehumbert, J. and Beckman, M.},
  title     = {Japanese tone structure},
  year      = {1988},
  address   = {Cambridge},
  publisher = {MIT Press},
}

@book{buring1997meaning,
  author    = {B\"{u}ring, D.},
  title     = {The meaning of topic and focus: {T}he 59th Street Bridge accent},
  year      = {1997},
  address   = {London, New York}, 
  publisher = {Routledge}
}

@book{chomsky1965aspects,
  author    = {Chomsky, N.},
  title     = {Aspects of the Theory of Syntax},
  year      = {1965},
  address   = {Cambridge},
  publisher = {MIT Press}
}

@book{matthews1993grammatical,
  author    = {Matthews, P.H.},
  title     = {Grammatical theory in the {U}nited {S}tates from {B}loomfield to {C}homsky},
  year      = {1993},
  address   = {Cambridge},
  publisher = {Cambridge University Press}
}

@book{ladd2008intonational,
  author    = {Ladd, D.R.},
  title     = {Intonational phonology (2nd edition)},
  year      = {2008},
  address   = {Cambridge},
  publisher = {Cambridge University Press}
}

@book{ladd1996intonational,
  author    = {Ladd, D.R.},
  title     = {Intonational phonology},
  year      = {1996},
  address   = {Cambridge},
  publisher = {Cambridge University Press}
}

@book{gussenhoven1984grammar,
  author    = {Gussenhoven, C.},
  title     = {On the Grammar and Semantics of Sentence Accents},
  year      = {1984},
  address   = {Dordrecht},
  publisher = {Foris},
}

@book{house1990tonal,
  author    = {House, D.},
  title     = {Tonal perception in speech},
  year      = {1990},
  address   = {Lund},
  publisher = {Lund University Press}
}

@book{osgood1957measurement,
  author    = {Osgood, C.E. and Suci, G.J. and Tannenbaum, P.H.},
  title     = {The measurement of meaning},
  year      = {1957},
  address   = {Urbana},
  publisher = {University of Illinois Press}
}

@book{sobrero1992italiano,
  author    = {Sobrero, A.A.},
  title     = {L'italiano di oggi},
  year      = {1992},
  address   = {Roma},
  publisher = {Istituto della Enciclopedia Italiana}
}

@book{demauro1970storia,
  author    = {De Mauro, T.},
  title     = {Storia linguistica dell'{I}talia unita (nuova edizione)},
  year      = {1970},
  address   = {Laterza},
  publisher = {Laterza}
}

@book{bruni1992italiano,
  author    = {Bruni, F.},
  title     = {L'italiano nelle regioni. {L}ingua nazionale e identità regionali},
  year      = {1992},
  address   = {Torino},
  publisher = {Utet}
}

@book{bybee2001phonology,
  author    = {Bybee, J.},
  title     = {Phonology and language use},
  year      = {2001},
  address   = {Cambridge},
  publisher = {Cambridge University Press}
}

@book{liberman1979intonational,
  author    = {Liberman, M.},
  title     = {The intonational system of {E}nglish},
  year      = {1979},
  address   = {New York},
  publisher = {Garland}
}

@book{cooper1980syntax,
  author    = {Cooper, W.E. and Paccia-Cooper, J.},
  title     = {Syntax and speech},
  year      = {1980},
  address   = {Cambridge},
  publisher = {Harvard University Press}
}

@book{grice1995intonation,
  author    = {Grice, M.},
  title     = {The intonation of interrogation in {P}alermo {I}talian: {I}mplications for intonation theory},
  year      = {1995},
  address   = {T\"{u}bingen},
  publisher = {Niemeyer}
}

@book{isavcenko1970untersuchungen,
  author    = {Isa{\v{c}}enko, A.V. and Sch{\"a}dlich, H.J.},
  title     = {Untersuchungen {\"u}ber die deutsche {S}atzintonation},
  year      = {1970},
  address   = {Berlin},
  publisher = {Mouton}
}

@book{abercrombie1967elements,
  author    = {Abercrombie, D.},
  title     = {Elements of general phonetics},
  year      = {1967},
  address   = {Edinburgh},
  publisher = {Edinburgh University Press}
}

@book{barry2006integration,
  author    = {Barry, W.J. and van Dommelen, W.A. and van Dommelen, W.A.},
  title     = {The integration of phonetic knowledge in speech technology},
  year      = {2006},
  address   = {Dordrecht},
  publisher = {Kluwer}
}

@book{bolinger1989intonation,
  author    = {Bolinger, D.},
  title     = {Intonation and its uses: {M}elody in grammar and discourse},
  year      = {1989},
  address   = {Palo Alto},
  publisher = {Stanford University Press}
}

@book{bybee2001frequency,
  author    = {Bybee, J.L. and Hopper, P.},
  title     = {Frequency and the emergence of linguistic structure},
  year      = {2001},
  address   = {Amsterdam},
  publisher = {John Benjamins}
}

@book{gussenhoven2004phonology,
  author    = {Gussenhoven, C.},
  title     = {The phonology of tone and intonation},
  year      = {2004},
  address   = {Cambridge},
  publisher = {Cambridge University Press}
}

@book{jackendoff1972semantic,
  author    = {Jackendoff, R.S.},
  title     = {Semantic interpretation in generative grammar},
  year      = {1972},
  address   = {Cambridge},
  publisher = {MIT Press}
}

@book{haan2002speaking,
  author    = {Haan, J.},
  title     = {Speaking of questions},
  year      = {2002},
  address   = {Utrecht},
  publisher = {LOT}
}

@book{lehiste1970suprasegmentals,
  author    = {Lehiste, I.},
  title     = {Suprasegmentals},
  year      = {1970},
  address   = {Cambridge},
  publisher = {Cambridge University Press},
}

@book{lyons1977semantics,
  author    = {Lyons, J.},
  title     = {Semantics},
  year      = {1977},
  address   = {Cambridge},
  publisher = {Cambridge University Press},
}

@book{marchese1978atlas,
  author    = {Marchese, L.},
  title     = {Atlas linguistique Kru. {E}ssai de typologie},
  year      = {1978},
  address   = {Abidjan},
  publisher = {Institut de Linguistique Appliqu\'{e}e},
}

@book{neukom1995description,
  author    = {Neukom, L.},
  title     = {Description grammaticale du nateni ({B}{\'e}nin): {S}yst{\`e}me verbal, classification nominale, phrases complexes, textes},
  year      = {1995},
  address   = {Z\"{u}rich},
  publisher = {Universit\"{a}t Z\"{u}rich}
}

@book{pike1945intonation,
  author    = {Pike, K.},
  title     = {The intonation of {A}merican {E}nglish},
  year      = {1945},
  address   = {Ann Arbor},
  publisher = {University of Michigan Press},
}

@book{smith1981categories,
  author    = {Smith, E. and Medin, D.},
  title     = {Categories and concepts},
  year      = {1981},
  address   = {Cambridge},
  publisher = {Harvard University Press}
}

@book{taljaard1988handbook,
  author     = {Taljaard, P.C. and Bosch, S.E.},
  title      = {Handbook of {I}sizulu},
  year       = {1988},
  address    = {Hatfield, Pretoria},
  publisher  = {J.L. van Schaik},
}

@book{tHart1990perceptual,
  author    = {{'t Hart}, J. and Collier, R. and Cohen, A.},
  title     = {A perceptual study of intonation: {A}n experimental-phonetic approach},
  year      = {1990},
  address   = {Cambridge},
  publisher = {Cambridge University Press},
}

@book{trager1951outline,
  author    = {Trager, L. and Smith, H.L.},
  title     = {An outline of {E}nglish structure},
  year      = {1951},
  publisher = {Battenburg Press},
  address   = {Norman},
}





@inproceedings{mcclelland1981retrieving,
  author    = {McClelland, J.L.},
  title     = {Retrieving general and specific information from stored knowledge of specifics},
  year      = {1981},
  editor    = {},
  booktitle = {Proceedings of the 3rd {Annual Conference of the Cognitive Science Society}},
  address   = {Berkeley},
  publisher = {},
  volume    = {},
  pages     = {170--172},
}

@inproceedings{anderson1984synthesis,
  author    = {Anderson, M. and Pierrehumbert, J.B. and Liberman, M.},
  title     = {Synthesis by rule of {E}nglish intonation patterns},
  year      = {1984},
  editor    = {},
  booktitle = {Proceedings of 9th {I}nternational {C}onference of {A}coustics, {S}peech and {S}ignal {P}rocessing},
  address   = {San Diego},
  publisher = {},
  volume    = {9},
  pages     = {77--80},
}

@inproceedings{black1996generating,
  author    = {Black, A.W. and Hunt, A.J.},
  title     = {Generating F0 contours from {ToBI} labels using linear regression},
  year      = {1996},
  editor    = {},
  booktitle = {Proceedings of the 4th {International Conference on Spoken Language Processing}},
  address   = {Philadelphia},
  publisher = {},
  volume    = {3},
  pages     = {1385--1388},
}

@inproceedings{niebuhr2011shapers,
  author    = {Niebuhr, O. and D'Imperio, M. and Gili Fivela, B. and Cangemi, F.},
  title     = {Are There ``Shapers'' and ``Aligners''? {I}ndividual Differences in Signalling Pitch Accent Category},
  year      = {2011},
  editor    = {Lee, W. and Zee, E.},
  booktitle = {Proceedings of the 17th {I}nternational {C}ongress of {P}honetic {S}ciences},
  address   = {Hong Kong},
  publisher = {City University of Hong Kong},
  volume    = {},
  pages     = {120-123},
}

@inproceedings{petrone2008tonal,
  author    = {Petrone, C. and D'Imperio, M.},
  title     = {Tonal structure and constituency in {N}eapolitan {I}talian: {E}vidence for the accentual phrase in statements and questions},
  year      = {2008},
  editor    = {Barbosa, P.A. and Madureira, S. and Reis, C.},
  booktitle = {Proceedings of 4th {I}nternational {C}onference on {S}peech {P}rosody},
  address   = {Campinas},
  publisher = {},
  volume    = {},
  pages     = {301--304},
}

@inproceedings{niebuhr2010pitchaccent,
  author    = {Niebuhr, O. and Pfitzinger, H.R.},
  title     = {On pitch-accent identification: {T}he role of syllable duration and intensity},
  year      = {2010},
  editor    = {},
  booktitle = {Proceedings of the 5th {I}nternational {C}onference on {S}peech {P}rosody},
  address   = {Chicago},
  publisher = {},
  volume    = {},
  pages     = {},
}

@inproceedings{andre2003perceval,
  author    = {Andr\'{e}, C. and A. Ghio and C. Cav\'{e} and B. Teston},
  title     = {PERCEVAL: {A} Computer-Driven System for Experimentation on Auditory and Visual Perception},
  year      = {2003},
  editor    = {Recasens, D. and Sol\'{e}, M.J. and Romero, J.},
  booktitle = {Proceedings of the 15th {I}nternational {C}ongress of {P}honetic {S}ciences},
  address   = {Barcelona},
  publisher = {},
  volume    = {},
  pages     = {1421--1424},
}

@inproceedings{delgiudice2007comparing,
  author    = {Del Giudice, A. and Shosted, R. and Davidson, K. and Salihie, M. and Arvaniti, A.},
  title     = {Comparing methods for locating pitch ``elbows''},
  year      = {2007},
  editor    = {Trouvain, J. and Barry, W.J.},
  booktitle = {Proceedings of the 16th {I}nternational {C}ongress of {P}honetic {S}ciences},
  address   = {Saarbr\"{u}cken},
  publisher = {},
  volume    = {},
  pages     = {117--1120},
}

@inproceedings{savy2009clips,
  author    = {Savy, R. and Cutugno, F.},
  title     = {{CLIPS: D}iatopic, diamesic and diaphasic variations in spoken {I}talian},
  year      = {2009},
  editor    = {},
  booktitle = {Proceedings of the 5th {Corpus Linguistics Conference}},
  address   = {Liverpool},
  publisher = {},
  volume    = {},
  pages     = {},
}


@inproceedings{petrone2009tonal,
  author    = {Petrone, C. and D'Imperio, M.},
  title     = {Is tonal alignment interpretation independent of methodology?},
  year      = {2009},
  editor    = {Uther, M. and Moore, R. and Cox, S.},
  booktitle = {Proceedings of the 10th {Annual Conference of the International Speech Communication Association}},
  address   = {Brighton},
  publisher = {},
  volume    = {},
  pages     = {2459--2462},
}

@inproceedings{niebuhr2006alignment,
  author    = {Niebuhr, O. and Ambrazaitis, G.},
  title     = {Alignment of medial and late peaks in {G}erman spontaneous speech},
  year      = {2006},
  editor    = {Hoffmann, R. and Mixdorff, H.},
  booktitle = {Proceedings of the 3rd {I}nternational {C}onference on {S}peech {P}rosody},
  address   = {Dresden},
  publisher = {},
  volume    = {},
  pages     = {161--164},
}


@inproceedings{niebuhr2007categorical,
  author    = {Niebuhr, O.},
  title     = {Categorical perception in intonation: {A} matter of signal dynamics?},
  year      = {2007},
  editor    = {Goutte, C. and Cancedda, N. and Dymetman, M. and Foster, G.},
  booktitle = {Proceedings of the 8th {Annual Conference of the International Speech Communication Association}},
  address   = {Antwerp},
  publisher = {},
  volume    = {},
  pages     = {642--645}
}

@inproceedings{zeng2004tones,
  author    = {Zeng, X.L. and Martin, P. and Boulakia, G.},
  title     = {Tones and intonation in declarative and interrogative sentences in Mandarin},
  year      = {2004},
  editor    = {},
  booktitle = {Proceedings of the {International Symposium on Tonal Aspects of Languages}},
  address   = {Beijing},
  publisher = {},
  volume    = {},
  pages     = {235--238}
}

@inproceedings{angelini1993baseline,
  author    = {Angelini, B. and Brugnara, F. and Falavigna, D. and Giuliani, D. and Gretter, R. and Omologo, M.},
  title     = {A baseline of a speaker independent continuous speech recognizer of {I}talian},
  year      = {1993},
  editor    = {},
  booktitle = {Proceedings of the 3rd {European Conference on Speech Communication and Technology}},
  address   = {Berlin},
  publisher = {},
  volume    = {},
  pages     = {847--850},
}

@inproceedings{local2003phonetics,
  author    = {Local, J.},
  title     = {Phonetics and talk-in-interaction},
  year      = {2003},
  editor    = {Recasens, D. and Sol\'{e}, M.J. and Romero, J.},
  booktitle = {Proceedings of the 15th {I}nternational {C}ongress of {P}honetic {S}ciences},
  address   = {Barcelona},
  publisher = {},
  volume    = {},
  pages     = {115--118},
}

@inproceedings{kelly1986long,
  author    = {Kelly, J. and Local, J.},
  title     = {Long-domain resonance patterns in {E}nglish},
  year      = {1986},
  editor    = {},
  booktitle = {Proceedings of the {International Conference on Speech Input/Output, Techniques and Applications}},
  address   = {London},
  publisher = {},
  volume    = {},
  pages     = {304--308},
}

@inproceedings{flemming1997phonetic,
  author    = {Flemming, E.},
  title     = {Phonetic detail in phonology: {T}owards a unified account of assimilation and coarticulation},
  year      = {1997},
  editor    = {Suzuki, K. and Elzinga, D.},
  booktitle = {Proceedings of the 1995 {Southwestern Workshop in Optimality Theory (SWOT)}},
  address   = {Tucson},
  publisher = {},
  volume    = {},
  pages     = {},
}

@inproceedings{schweitzer2010relative,
  author    = {Schweitzer, K. and Calhoun, S. and Sch{\"u}tze, H. and Schweitzer, A. and Walsh, M.},
  title     = {Relative frequency affects pitch accent realisation: {E}vidence for exemplar storage of prosody},
  year      = {2010},
  editor    = {Tabain, M. and Fletcher, J. and Grayden, D. and Hajek, J. and Butcher, A.},
  booktitle = {Proceedings of the 13th {Australasian International Conference on Speech Science and Technology}},
  address   = {Melbourne},
  publisher = {},
  volume    = {},
  pages     = {62--65},
}

@inproceedings{walsh2008examining,
  author    = {Walsh, M. and Schweitzer, K. and M{\"o}bius, B. and Sch{\"u}tze, H.},
  title     = {Examining pitch-accent variability from an exemplar-theoretic perspective},
  year      = {2008},
  editor    = {Fletcher, J. and Loakes, D. and Gocke, R. and Burnham, D. and Wagner, M.},
  booktitle = {Proceedings of the 9th {Annual Conference of the International Speech Communication Association}},
  address   = {Brisbane},
  publisher = {},
  volume    = {},
  pages     = {877--880},
}

@inproceedings{schweitzer2009frequency,
  author    = {Schweitzer, K. and Walsh, M. and M{\"o}bius, B. and Riester, A. and Schweitzer, A. and Sch{\"u}tze, H.},
  title     = {Frequency matters: {P}itch accents and information status},
  year      = {2009},
  editor    = {McCarthy, D. and Wintner, S.},
  booktitle = {Proceedings of the 12th {Conference of the European Chapter of the Association for Computational Linguistics}},
  address   = {Athens},
  publisher = {},
  volume    = {},
  pages     = {728--736},
}

@inproceedings{schweitzer2010frequency,
  author    = {Schweitzer, K. and Walsh, M. and M{\"o}bius, B. and Sch{\"u}tze, H.},
  title     = {Frequency of occurrence effects on pitch accent realisation},
  year      = {2010},
  editor    = {Kobayashi, T. and Hirose, K. and Nakamura, S.},
  booktitle = {Proceedings of the 11th {Annual Conference of the International Speech Communication Association}},
  address   = {Makuhari},
  publisher = {},
  volume    = {},
  pages     = {138--141},
}

@inproceedings{schweitzer2011prosodic,
  author    = {Schweitzer, K. and Walsh, M. and Calhoun, S. and Sch{\"u}tze, H.},
  title     = {Prosodic Variability in Lexical Sequences: {I}ntonation Entrenches Too},
  year      = {2011},
  editor    = {Lee, W. and Zee, E.},
  booktitle = {Proceedings of the 17th {I}nternational {C}ongress of {P}honetic {S}ciences},
  address   = {Hong Kong},
  publisher = {City University of Hong Kong},
  volume    = {},
  pages     = {1778--1781},
}

@inproceedings{stevens2004invariance,
  author    = {Stevens, K.N.},
  title     = {Invariance and variability in speech: {I}nterpreting acoustic evidence},
  year      = {2004},
  editor    = {Slifka, J. and Manuel, S. and Matthies, M.},
  booktitle = {Proceedings of {From Sound to Sense Workshop}},
  address   = {Cambridge},
  publisher = {MIT Press},
  volume    = {B},
  pages     = {77--85},
}

@inproceedings{fujisaki1982modelling,
  author    = {Fujisaki, H. and Hirose, K.},
  title     = {Modelling the dynamic characteristics of voice fundamental frequency with application to analysis and synthesis of intonation},
  year      = {1982},
  editor    = {Hattori, S. and Inoue, K.},
  booktitle = {Proceedings of 13th {International Congress of Linguists}},
  address   = {Tokyo},
  publisher = {},
  volume    = {},
  pages     = {57--70},
}

@inproceedings{ward1988intonation,
  author    = {Ward, G. and Hirschberg, J.},
  title     = {Intonation and propositional attitude: {T}he pragmatics of {L*+ HLH\%}},
  year      = {1988},
  editor    = {Powers, J. and {de Jong}, K.},
  booktitle = {Proceedings of the 5th {Eastern States Conference on Linguistics}},
  address   = {Columbus},
  publisher = {},
  volume    = {},
  pages     = {512--522},
}

@inproceedings{zadeh2011pitch,
  author    = {Zadeh, V.A. and Gussenhoven, C. and Bijankhan, M.},
  title     = {A Pitch Accent Position Contrast in {P}ersian},
  year      = {2011},
  editor    = {Lee, W. and Zee, E.},
  booktitle = {Proceedings of the 17th {I}nternational {C}ongress of {P}honetic {S}ciences},
  address   = {Hong Kong},
  publisher = {City University of Hong Kong},
  volume    = {},
  pages     = {188--191},
}

@inproceedings{hawkins2011phonetic,
  author    = {Hawkins, S.},
  title     = {Does phonetic detail guide situation-specific speech recognition?},
  year      = {2011},
  editor    = {Lee, W. and Zee, E.},
  booktitle = {Proceedings of the 17th {I}nternational {C}ongress of {P}honetic {S}ciences},
  address   = {Hong Kong},
  publisher = {City University of Hong Kong},
  volume    = {},
  pages     = {9--18},
}

@inproceedings{dedominicis2010interrogative,
  author    = {De Dominicis, A.},
  title     = {Interrogative e assertive in un corpus dialettale recuperato ({B}omarzo)},
  year      = {2010},
  editor    = {Cutugno, F. and Maturi, P. and Savy, R. and Abete, G. and Alfano, I.},
  booktitle = {Parlare con le persone, parlare alle macchine: {L}a dimensione interazionale della comunicazione verbale. {P}roceedings of the 6th {C}onference of {A}ssociazione {I}taliana di {S}cienze della {V}oce},
  address   = {Torriana},
  publisher = {EDK},
  volume    = {},
  pages     = {},
}

@inproceedings{caputo1996presupposizione,
  author    = {Caputo, M.R.},
  title     = {Presupposizione, fuoco, modalità e schemi melodici},
  year      = {1996},
  editor    = {},
  booktitle = {Proceedings of the 24th {National Congress of Associazione Italiana di Acustica}},
  address   = {Trento},
  publisher = {},
  volume    = {},
  pages     = {49--54},
}

@inproceedings{caputo1994intonazione,
  author    = {Caputo, M.R.},
  title     = {L'intonazione delle domande s{\`i}/no in un campione di italiano parlato},
  year      = {1994},
  editor    = {},
  booktitle = {Proceedings of the 4th {Gruppo di Fonetica Sperimentale Workshop}},
  address   = {Torino},
  publisher = {},
  volume    = {},
  pages     = {9--18},
}

@inproceedings{caputo1995possibile,
  author    = {Caputo, M.R. and D'Imperio, M.},
  title     = {Verso un possibile sistema di trascrizione prosodica dell’italiano: {C}enni preliminari},
  year      = {1995},
  editor    = {},
  booktitle = {Proceedings of the 5th Workshop of {Gruppo di Fonetica Sperimentale}},
  address   = {Trento},
  publisher = {},
  volume    = {},
  pages     = {71--83},
}

@inproceedings{avesani1990contribution,
  author    = {Avesani, C.},
  title     = {A contribution to the synthesis of {I}talian intonation},
  year      = {1990},
  editor    = {},
  booktitle = {Proceedings of the 1st {International Conference on Spoken Language Processing}},
  address   = {Kobe},
  publisher = {},
  volume    = {},
  pages     = {833--836}

}

@inproceedings{dimperio1996caratteristiche,
  author    = {D'Imperio, M.},
  title     = {Caratteristiche di timing degli accenti nucleari in parlato italiano letto},
  year      = {1996},
  editor    = {},
  booktitle = {Proceedings of the 24th {National Congress of Associazione Italiana di Acustica}},
  address   = {Trento},
  publisher = {},
  volume    = {},
  pages     = {55--60},
}

@inproceedings{dimperio1997perception,
  author    = {D'Imperio, M. and House, D.},
  title     = {Perception of questions and statements in {N}eapolitan {I}talian},
  year      = {1997},
  editor    = {Kokkinakis, G. and Fakotakis, N. and Dermatas, E.},
  booktitle = {Proceedings of the 5th {European Conference on Speech Communication and Technology}},
  address   = {Rhodes},
  publisher = {},
  volume    = {},
  pages     = {251--254},
}

@inproceedings{swerts1999reaccentuation,
  author    = {Swerts, M. and Avesani, C. and Krahmer, E.},
  title     = {Reaccentuation or deaccentuation: {A} comparative study of {I}talian and {D}utch},
  year      = {1999},
  editor    = {Ohala, J.},
  booktitle = {Proceedings of the 14th {I}nternational {C}ongress of {P}honetic {S}ciences},
  address   = {San Francisco},
  publisher = {University of California},
  volume    = {},
  pages     = {1541--144},
  }

@inproceedings{grice1991intonation,
  author    = {Grice, M.},
  title     = {The intonation of interrogation in two varieties of {S}icilian {I}talian},
  year      = {1991},
  editor    = {},
  booktitle = {Proceedings of the 12th {I}nternational {C}ongress of {P}honetic {S}ciences},
  address   = {Aix-en-Provence},
  publisher = {},
  volume    = {5},
  pages     = {210--213},
}

@inproceedings{campbell2003voice,
  author    = {Campbell, N. and Mokhtari, P.},
  title     = {Voice quality: {T}he 4th prosodic dimension},
  year      = {2003},
  editor    = {Recasens, D. and Sol\'{e}, M.J. and Romero, J.},
  booktitle = {Proceedings of the 15th {I}nternational {C}ongress of {P}honetic {S}ciences},
  address   = {Barcelona},
  publisher = {},
  volume    = {},
  pages     = {2417--2420},
}

@inproceedings{smith2000allophonic,
  author    = {Smith, R. and Hawkins, S.},
  title     = {Allophonic influences on word-spotting experiments},
  year      = {2000},
  editor    = {Cutler,  A. and McQueen, J.M. and Zondervan, R. },
  booktitle = {{ISCA Tutorial and Research Workshop on Spoken Word Access Processes}},
  address   = {Nijmegen},
  publisher = {Max-Planck-Gesellschaft zur Förderung der Wissenschaften},
  volume    = {},
  pages     = {139-142},
}

@inproceedings{batliner2001prosodic,
  author    = {Batliner, A. and M{\"o}bius, B. and M{\"o}hler, G. and Schweitzer, A. and N{\"o}th, E.},
  title     = {Prosodic models, automatic speech understanding, and speech synthesis: {T}owards the common ground},
  year      = {2001},
  editor    = {Dalsgaard, P. and Lindberg, B. and Benner, H.},
  booktitle = {Proceedings of the 7th {European Conference on Speech Communication and Technology}},
  address   = {Aalborg},
  publisher = {},
  volume    = {4},
  pages     = {2285--2288},
}

@inproceedings{bigi2012speech,
  author    = {Bigi, B. and Hirst, D.},
  title     = {{SP}eech {P}honetization {A}lignment and {S}yllabification ({SPPAS}): {A} tool for the automatic analysis of speech prosody},
  year      = {2012},
  editor    = {Ma, Q. and Ding, H. and Hirst, D.},
  booktitle = {Proceedings of the 5th {I}nternational {C}onference on {S}peech {P}rosody},
  address   = {Shanghai},
  publisher = {Tongji University Press},
  volume    = {1},
  pages     = {19-22},
}

@inproceedings{bolinger1964intonation,
  author    = {Bolinger, D.},
  title     = {Intonation as a universal},
  year      = {1964},
  editor    = {Lunt, H.},
  booktitle = {Proceedings of the 9th {I}nternational {C}ongress of {L}inguists},
  address   = {The Hague},
  publisher = {Mouton},
  volume    = {},
  pages     = {833--848},
}

@inproceedings{brunetti2010prosodic,
  author    = {Brunetti, L. and D'Imperio, M. and Cangemi, F.},
  title     = {On the prosodic marking of contrast in {R}omance sentence topic: {E}vidence from {N}eapolitan {I}talian},
  year      = {2010},
  editor    = {},
  booktitle = {Proceedings of the 5th {I}nternational {C}onference on {S}peech {P}rosody},
  address   = {Chicago},
  publisher = {},
  volume    = {},
  pages     = {},
}

@inproceedings{cangemi2009phonetic,
  author    = {Cangemi, F.},
  title     = {Phonetic Detail in Intonation Contour Dynamics},
  year      = {2009},
  editor    = {Schmid, S. and Schwarzenbach, M. and Studer, D.},
  booktitle = {La dimensione temporale del parlato. {P}roceedings of the 5th {C}onference of {A}ssociazione {I}taliana di {S}cienze della {V}oce},
  address   = {Torriana},
  publisher = {EDK},
  volume    = {},
  pages     = {325--334},
}

@inproceedings{cangemi2011automatic,
  author    = {Cangemi, F. and Cutugno, F. and Ludusan, B. and Seppi, D. and Van Compernolle, D.},
  title     = {Automatic {S}peech {S}egmentation for {I}talian ({ASSI}): {T}ools, models, evaluation and application},
  year      = {2011},
  editor    = {Gili Fivela, B. and Stella, A. and Garrapa, L. and Grimaldi, M.},
  booktitle = {Contesto comunicativo e variabilità nella produzione e percezione della lingua. {P}roceedings of the 7th {C}onference of {A}ssociazione {I}taliana di {S}cienze della {V}oce},
  address   = {Roma},
  publisher = {Bulzoni},
  volume    = {},
  pages     = {},
}

@inproceedings{cangemi2011prosodia,
  author    = {Cangemi, F. and D'Imperio, M.},
  title     = {Prosodia oltre la f0: {T}empo e Modalità},
  year      = {2011},
  editor    = {Gili Fivela, B. and Stella, A. and Garrapa, L. and Grimaldi, M.},
  booktitle = {Contesto comunicativo e variabilità nella produzione e percezione della lingua. {P}roceedings of the 7th {C}onference of {A}ssociazione {I}taliana di {S}cienze della {V}oce},
  address   = {Roma},
  publisher = {Bulzoni},
  volume    = {},
  pages     = {},
}

@inproceedings{cangemi2011local,
  author    = {Cangemi, F. and D'Imperio, M.},
  title     = {Local speech rate differences between questions and statements in Italian},
  year      = {2011},
  editor    = {Lee, W. and Zee, E.},
  booktitle = {Proceedings of the 17th {I}nternational {C}ongress of {P}honetic {S}ciences},
  address   = {Hong Kong},
  publisher = {City University of Hong Kong},
  volume    = {},
  pages     = {392-395},
}

@inproceedings{goldman2011easyalign,
  author    = {Goldman, J.P.},
  title     = {Easy{A}lign: {A}n automatic phonetic alignment tool under {P}raat},
  year      = {2011},
  editor    = {},
  booktitle = {Proceedings of the 12th {Annual Conference of the International Speech Communication Association}},
  address   = {Firenze},
  publisher = {},
  volume    = {},
  pages     = {}
}

@inproceedings{cole2011phonology,
  author    = {Cole, J. and Shattuck-Hufnagel, S.},
  title     = {The Phonology and Phonetics of Perceived Prosody: {W}hat do Listeners Imitate?},
  year      = {2011},
  editor    = {},
  booktitle = {Proceedings of the 12th {Annual Conference of the International Speech Communication Association}},
  address   = {Firenze},
  publisher = {},
  volume    = {},
  booktitle = {INTERSPEECH},
  pages     = {969-972},
}

@inproceedings{gubian2010automatic,
  author    = {Gubian, M. and Cangemi, F. and Boves, L.},
  title     = {Automatic and data driven pitch contour manipulation with functional data analysis},
  year      = {2010},
  editor    = {},
  booktitle = {Proceedings of the 5th {I}nternational {C}onference on {S}peech {P}rosody},
  address   = {Chicago},
  publisher = {},
  volume    = {},
  pages     = {},
}

@inproceedings{kohler1987categorical,
  author    = {Kohler, K.},
  title     = {Categorical pitch perception},
  year      = {1987},
  editor    = {},
  booktitle = {Proceedings of the 11th {I}nternational {C}ongress of {P}honetic {S}ciences},
  address   = {Tallin},
  publisher = {Academy of Sciences},
  volume    = {5},
  pages     = {331--333},
}

@inproceedings{rottger2011robustness,
  author    = {R{\"o}ttger, T.B. and Winter, B. and Grawunder, S.},
  title     = {The Robustness of Incomplete Neutralization in {G}erman},
  year      = {2011},
  editor    = {Lee, W. and Zee, E.},
  booktitle = {Proceedings of the 17th {I}nternational {C}ongress of {P}honetic {S}ciences},
  address   = {Hong Kong},
  publisher = {City University of Hong Kong},
  volume    = {},
  pages     = {1722--1725},
}

@inproceedings{mohler1998parametric,
  author    = {M{\"o}hler, G. and Conkie, A.},
  title     = {Parametric modeling of intonation using vector quantization},
  year      = {1998},
  editor    = {},
  booktitle = {Proceedings of the 3rd {ESCA Workshop on Speech Synthesis}},
  address   = {Jenolan Caves},
  publisher = {},
  volume    = {},
  pages     = {311--316},
}

@inproceedings{hawkins1991factors,
  author    = {Hawkins, S. and Warren, P.},
  title     = {Factors affecting the given-new distinction in speech},
  year      = {1991},
  editor    = {},
  booktitle = {Proceedings of the 12th {I}nternational {C}ongress of {P}honetic {S}ciences},
  address   = {Aix-en-Provence},
  publisher = {Universit\'{e} de Provence},
  volume    = {},
  pages     = {66--69}
}

@inproceedings{dimperio1999tonal,
  author    = {D'Imperio, M.},
  title     = {Tonal structure and pitch targets in {I}talian focus constituents},
  year      = {1999},
  editor    = {Ohala, J.},
  booktitle = {Proceedings of the 14th {I}nternational {C}ongress of {P}honetic {S}ciences},
  address   = {San Francisco},
  publisher = {University of California},
  volume    = {},
  pages     = {1757–-1760}
  }

@incollection{dimperio2003levels,
  author    = {D'Imperio, M. and Gili Fivela, B.},
  title     = {How many levels of phrasing? {E}vidence from two varieties of {I}talian},
  year      = {2003},
  editor    = {Local, J. and Ogden, R. and Temple, R.},
  booktitle = {Papers in {L}aboratory {P}honology},
  address   = {Cambridge},
  publisher = {Cambridge University Press},
  volume    = {6},
  pages     = {38--57}
}

@incollection{dimperio2011phrasing,
  author    = {D'Imperio, M. and Cangemi, F.},
  title     = {Phrasing, register level downstep and partial topic constructions in {N}eapolitan {I}talian},
  year      = {2011},
  editor    = {Gabriel, C. and Lle\'{o}, C.},
  booktitle = {Intonational phrasing in {R}omance and {G}ermanic: {C}ross-linguistic and bilingual studies},
  address   = {Amsterdam},
  publisher = {John Benjamins},
  volume    = {},
  pages     = {75--94}
}

@incollection{ernestus2006functionality,
  title     = {The functionality of incomplete neutralization in {D}utch: {T}he case of past-tense formation},
  author    = {Ernestus, M. and Baayen, R.H.},
  year      = {2006},
  editor    = {Goldstein, L.M. and Whalen, D.H. and Best, C.T.},
  booktitle = {Papers in {L}aboratory {P}honology},
  address   = {Cambridge},
  publisher = {Cambridge University Press},
  volume    = {8},
  pages     = {27--49}
}

@incollection{batliner2005prosodic,
  author    = {Batliner, A. and M{\"o}bius, B.},
  title     = {Prosodic Models, Automatic Speech Understanding, and Speech Synthesis: {T}owards the Common Ground?},
  year      = {2006},
  editor    = {Barry, W.J. and {van Dommelen}, W.A. and Koreman, J.},
  booktitle = {The Integration of Phonetic Knowledge in Speech Technology},
  address   = {Dordrecht},
  publisher = {Kluwer},
  volume    = {},
  pages     = {21--44},
}

@incollection{gubian2011joint,
  author    = {Gubian, M. and Cangemi, F. and Boves, L.},
  title     = {Joint analysis of f0 and speech rate with functional data analysis},
  year      = {2011},
  editor    = {},
  booktitle = {Proceedings of 36th {I}nternational {C}onference of {A}coustics, {S}peech and {S}ignal {P}rocessing},
  address   = {Prague},
  publisher = {},
  volume    = {},
  pages     = {4972--4975},
}

@incollection{kretschmer1938ursprung,
  author    = {Kretschmer, P.},
  title     = {Der {U}rsprung des {F}ragetons \& {F}ragesatzes},
  year      = {1938},
  editor    = {},
  booktitle = {Scritti in onore di Alfredo Trombetti},
  address   = {Milano},
  publisher = {Hoepli},
  pages     = {27--50},
}

@incollection{nguyen2009dynamical,
  author    = {Nguyen, N. and Wauquier, S. and Tuller, B.},
  title     = {The dynamical approach to speech perception: {F}rom fine phonetic detail to abstract phonological categories},
  year      = {2009},
  editor    = {Pellegrino, F. and Marsico, E. and Chitoran, I. and Coup{\'e}, C.},
  booktitle = {Approaches to phonological complexity},
  address   = {Berlin},
  publisher = {Mouton de Gruyter},
  volume    = {},
  pages     = {193--217},
}

@incollection{pierrehumbert1990meaning,
  author    = {Pierrehumbert, J.B. and Hirschberg, J.},
  title     = {The meaning of intonational contours in the interpretation of discourse},
  year      = {1990},
  editor    = {Cohen, P.R. and Morgan, J. and Pollack, M.E.},
  booktitle = {Intentions in communication},
  address   = {Cambridge},
  publisher = {MIT Press},
  volume    = {},
  pages     = {271--311}
}

@incollection{pierrehumbert2000conceptual,
  author    = {Pierrehumbert, J.B. and Beckman, M.E. and Ladd, D.R.},
  title     = {Conceptual foundations of phonology as a laboratory science},
  year      = {2000},
  editor    = {Burton-Roberts, N. and Carr, P. and Docherty, J.},
  booktitle = {Prosody: {T}heory and experiments},
  address   = {Oxford},
  publisher = {Oxford University Press},
  volume    = {},
  pages     = {273--303}
}

@incollection{pierrehumbert2001exemplar,
  author    = {Pierrehumbert, J.B.},
  title     = {Exemplar dynamics: {W}ord frequency, lenition and contrast},
  year      = {2001},
  editor    = {Bybee, J.L. and Hopper, P.},
  booktitle = {Frequency and the emergence of linguistic structure},
  address   = {Amsterdam},
  publisher = {John Benjamins},
  volume    = {},
  pages     = {137--158}
}

@incollection{dimperio2005intonational,
  author    = {D'Imperio, M. and Elordieta, G. and Frota, S. and Prieto, P. and Vig\`{a}rio, M.},
  title     = {Intonational phrasing in {R}omance: {T}he role of syntactic and prosodic
  structure},
  year      = {2005},
  editor    = {Frota, S. and  Vig\`{a}rio, M. and Freitas, M.J.},
  booktitle = {Prosodies},
  address   = {Berlin, New York},
  publisher = {Mouton de Gruyter},
  volume    = {},
  pages     = {59--97}
}

@incollection{frota2007phonetics,
  author    = {Frota, S. and D'Imperio, M. and Elordieta, G. and Prieto, P. and Vig\`{a}rio, M.},
  title     = {The phonetics and phonology of intonational phrasing in {R}omance},
  year      = {2007},
  editor    = {Prieto, P. and Mascar\`{o}, J. and Sol\'{e}, M.},
  booktitle = {Segmental and prosodic issues in {R}omance Phonology},
  address   = {Amsterdam},
  publisher = {John Benjamins},
  volume    = {},
  pages     = {131--154}
}

@incollection{cangemiFORTHbeyond,
  author    = {Cangemi, F. and D'Imperio, M.},
  title     = {Beyond f0: {S}entence modality and speech rate},
  year      = {forthcoming},
  editor    = {Romero, J. and Riera, M.},
  booktitle = {Selected papers from the 5th {C}onference on {P}honetics and {P}honology in {I}beria},
  address   = {Amsterdam},
  publisher = {John Benjamins},
  volume    = {},
  pages     = {},
}

@incollection{sadock1985speech,
  author    = {Sadock, J.M. and Zwicky, A.M.},
  title     = {Speech acts distinctions in syntax},
  year      = {1985},
  editor    = {Shopen, T.},
  booktitle = {Language typology and syntactic description},
  address   = {Cambridge},
  publisher = {Cambridge University Press},
  volume    = {},
  pages     = {155--196},
}

@incollection{turk2006acoustic,
  author    = {Turk, A. and Nakai, S. and Sugahara, M.},
  title     = {Acoustic segment durations in prosodic research: {A} practical guide},
  year      = {2006},
  editor    = {Sudhoff, S. and Lenertov\'{a}, D. and Meyer, R. and Pappert, S. and Augurzky, P. and Mleinek, I. and Richter, N. and Schlie\ss{}er, J.},
  booktitle = {Methods in empirical prosody research},
  address   = {Berlin},
  publisher = {De Gruyter},
  pages     = {1--28},
}

@incollection{gussenhoven2006experimental,
  author    = {Gussenhoven, C.},
  title     = {Experimental approaches to establishing discreteness of intonational contrasts},
  year      = {2006},
  editor    = {Sudhoff, S. and Lenertov\'{a}, D. and Meyer, R. and Pappert, S. and Augurzky, P. and Mleinek, I. and Richter, N. and Schlie\ss{}er, J.},
  booktitle = {Methods in empirical prosody research},
  address   = {Berlin},
  publisher = {De Gruyter},
  pages     = {321--334},
}

@incollection{vanheuven2000phonetic,
  author    = {{van Heuven}, V.J. and Haan, J.},
  title     = {Phonetic correlates of statement versus question intonation in {D}utch},
  year      = {2000},
  editor    = {Botinis, A.},
  booktitle = {Intonation: {A}nalysis, modelling and technology},
  address   = {Dordrecht},
  publisher = {Kluwer},
  volume    = {},
  pages     = {119--144}
}

@incollection{vanheuven2002temporal,
  author    = {{van Heuven}, V.J. and Haan, J.},
  title     = {Temporal distribution of interrogativity markers in {D}utch: {A} perceptual study},
  year      = {2002},
  editor    = {Gussenhoven, C. and Warner, N.},
  booktitle = {Papers in {L}aboratory {P}honology},
  address   = {Berlin},
  publisher = {Mouton de Gruyter},
  volume    = {7},
  pages     = {61--86}
}

@incollection{vansanten2000quantitative,
  author    = {{van Santen}, J.P.H. and M{\"o}bius, B.},
  title     = {A quantitative model of F0 generation and alignment},
  year      = {2000},
  editor    = {Botinis, A.},
  booktitle = {Intonation: {A}nalysis, modelling and technology},
  address   = {Dordrecht},
  publisher = {Kluwer},
  volume    = {},
  pages     = {269--288},
}

@incollection{wood1973speech,
  author    = {Wood, S.A.J.},
  title     = {Speech tempo},
  year      = {1973},
  editor    = {},
  booktitle = {Working papers},
  address   = {Lund},
  publisher = {Department of Linguistics, Lund University},
  volume    = {9},
  pages     = {99--147},
}

@incollection{grice2005german,
  title     = {German Intonation in Autosegmental-Metrical phonology},
  author    = {Grice, M. and Baumann, S. and Benzm\"{u}lller, R.},
  year      = {2005},
  editor    = {Jun, S.A.},
  booktitle = {Prosodic typology: {T}he phonology of intonation and phrasing},
  address   = {Oxford},
  publisher = {Oxford University Press},
  volume    = {},
  pages     = {55–-83},
}

@incollection{grice2005strategy,
  title     = {Towards a strategy for labelling varieties of Italian},
  author    = {Grice, M. and D'Imperio, M. and Savino, M. and Avesani, C.},
  year      = {2005},
  editor    = {Jun, S.A.},
  booktitle = {Prosodic typology: {T}he phonology of intonation and phrasing},
  address   = {Oxford},
  publisher = {Oxford University Press},
  volume    = {},
  pages     = {362--389},
}

@incollection{johnson1997complex,
  title     = {Complex representations used in speech processing},
  author    = {Johnson, K. and Mullennix, J.},
  year      = {1997},
  editor    = {Johnson, K. and Mullennix, J.},
  booktitle = {Talker variability in speech processing},
  address   = {San Diego},
  publisher = {Academic Press},
  volume    = {},
  pages     = {1--8},
}

@incollection{johnson1997speech,
  title     = {Speech perception without speaker normalization},
  author    = {Johnson, K.},
  year      = {1997},
  editor    = {Johnson, K. and Mullennix, J.},
  booktitle = {Talker variability in speech processing},
  address   = {San Diego},
  publisher = {Academic Press},
  volume    = {},
  pages     = {145--165},
}

@incollection{balota1994visual,
  title     = {Visual word recognition},
  author    = {Balota, D.A.},
  year      = {1994},
  editor    = {Traxler, M. and Gernsbacher, M.A.},
  booktitle = {Handbook of psycholinguistics},
  address   = {San Diego},
  publisher = {Academic Press},
  volume    = {},
  pages     = {334--357},
}

@incollection{pisoni2007observations,
  title     = {Some observations on representations and representational specificity in speech perception and spoken word recognition},
  author    = {Pisoni, D.B. and Levi, S.V.},
  year      = {2007},
  editor    = {Gaskell, G.},
  booktitle = {The {O}xford handbook of psycholinguistics},
  address   = {Oxford},
  publisher = {Oxford University Press},
  volume    = {},
  pages     = {3--18},
}

@incollection{brooks1978nonanalytic,
  title     = {Nonanalytic concept formation and memory for instances},
  author    = {Brooks, L.R.},
  year      = {1978},
  editor    = {Rosch, E. and Lloyd, B.},
  booktitle = {Cognition and categorization},
  address   = {Hillsdale},
  publisher = {Erlbaum},
  volume    = {},
  pages     = {170--211},
}

@incollection{luce2005spoken,
  title     = {Spoken word recognition: {T}he challenge of variation},
  author    = {Luce, P.A. and McLennan, C.T.},
  year      = {2005},
  editor    = {Pisoni, D. and Remez, R.},
  booktitle = {The handbook of speech perception},
  address   = {Hoboken},
  publisher = {Wiley-Blackwell},
  volume    = {},
  pages     = {590--609},
}

@incollection{hualde2002intonation,
  title     = {Intonation in {S}panish and the other {Ibero-Romance} languages: {O}verview and status quaestionis},
  author    = {Hualde, J.I.},
  year      = {2002},
  editor    = {Wiltshire, C. and Camps, J.},
  booktitle = {Romance Phonology and Variation},
  address   = {Amsterdam},
  publisher = {John Benjamins},
  volume    = {},
  pages     = {101--116},
}

@incollection{uldall1964dimensions,
  title     = {Dimensions of meaning in intonation},
  author    = {Uldall, E.},
  year      = {1964},
  editor    = {Abercrombie, D.},
  booktitle = {In Honour of {D}aniel {J}ones},
  address   = {London},
  publisher = {Longmans},
  volume    = {},
  pages     = {271--279},
}


@incollection{luce2003abstractness,
  title     = {Abstractness and specificity in spoken word recognition: {I}ndexical and allophonic variability in long-term repetition priming},
  author    = {Luce, P. and McLennan, C. and Charles-Luce, J.},
  year      = {2003},
  editor    = {Bowers, J. and Marsolek, C.},
  booktitle = {Rethinking implicit memory},
  address   = {Oxford},
  publisher = {Oxford University Press},
  volume    = {},
  pages     = {145--165},
}


@incollection{port2006graphical,
  title     = {The graphical basis of phones and phonemes},
  author    = {Port, R.},
  year      = {2006},
  editor    = {Munro, M. and Bohn, O.},
  booktitle = {Second language speech learning: {T}he role of language experience in speech perception and production},
  address   = {Amsterdam},
  publisher = {John Benjamins},
  volume    = {},
  pages     = {349--365},
}

@incollection{albanoleoni2006statuto,
  title     = {Lo statuto del fonema},
  author    = {{Albano Leoni}, F.},
  year      = {2006},
  editor    = {Gensini, S. and Martone A.},
  booktitle = {Il linguaggio: {T}eorie e storia delle teorie. {I}n onore di {L}ia {F}ormigari},
  address   = {Napoli},
  publisher = {Liguori},
  volume    = {},
  pages     = {281--303},
}

@incollection{faber1992phonemic,
  title     = {Phonemic segmentation as epiphenomenon: {E}vidence from the history of alphabetic writing},
  author    = {Faber, A.},
  year      = {1992},
  editor    = {Downing, P. and Lima, S. and Noonan, M.},
  booktitle = {The linguistics of literacy},
  address   = {Amsterdam},
  publisher = {John Benjamins},
  volume    = {},
  pages     = {111--134},
}

@incollection{hawkins2010phonetic,
  title     = {Phonetic variation as communicative system: {P}erception of the particular and the abstract},
  author    = {Hawkins, S.},
  year      = {2010},
  editor    = {Fougeron, C. and Ku\"{u}hnert, B. and D'Imperio, M. and Vall\'{e}e, N.},
  booktitle = {Papers in {L}aboratory {P}honology},
  address   = {Cambridge},
  publisher = {Cambridge University Press},
  volume    = {10},
  pages     = {479--510},
}

@incollection{hooper1976word,
  title     = {Word frequency in lexical diffusion and the source of morphophonological change},
  author    = {Hooper, J.B.},
  year      = {1976},
  editor    = {Christie, W.M.},
  booktitle = {Current progress in historical linguistics. {P}roceedings of the 2nd {I}nternational {C}onference on {H}istorical {L}inguistics},
  address   = {Amsterdam},
  publisher = {North-Holland},
  volume    = {},
  pages     = {96--105},
}

@incollection{sabatini1985italiano,
  title     = {L'italiano dell'uso medio: {U}na realt{\`a} tra le variet{\`a} linguistiche italiane},
  author    = {Sabatini, F.},
  year      = {1985},
  editor    = {Holtus, G. and Radtke, E.},
  booktitle = {Gesprochenes {I}talienisch in {G}eschichte und {G}egenwart},
  address   = {T{\"u}bingen},
  publisher = {Gunter Narr},
  volume    = {},
  pages     = {154--184},
}

@incollection{petrone2011tones,
  author    = {Petrone, C. and D'Imperio, M.},
  title     = {From Tones to Tunes: {E}ffects of the f0 Prenuclear Region in the Perception of {N}eapolitan Statements and Questions},
  year      = {2011},
  editor    = {Frota, S. and Elordieta, G. and Prieto, P.},
  booktitle = {Prosodic Categories: {P}roduction, Perception and Comprehension},
  address   = {Dordrecht, Heidelberg, London, New York},
  publisher = {Springer},
  volume    = {},
  pages     = {207--230},
}

@incollection{dimperio2007effects,
  author    = {D'Imperio, M. and Petrone, C. and Nguyen, N.},
  title     = {Effects of tonal alignment on lexical identification in {I}talian},
  year      = {2007},
  editor    = {Riad, T. and Gussenhoven, C.},
  booktitle = {Tones and tunes: {E}xperimental studies in word and sentence prosody},
  address   = {Berlin},
  publisher = {de Gruyter},
  volume    = {2},
  pages     = {79--106},
}

@incollection{wals-2011-116,
  title     = {Polar Questions},
  author    = {Dryer, M.S.},
  year      = {2011},
  editor    = {Dryer, M.S. and Haspelmath, M.},
  booktitle = {{The World Atlas of Language Structures Online}},
  address   = {Munich},
  publisher = {Max Planck Digital Library},
  volume    = {},
  pages     = {},
}

@incollection{rialland2007question,
  title     = {Question prosody: {A}n {A}frican perspective},
  author    = {Rialland, A.},
  year      = {2007},
  editor    = {Riad, T. and Gussenhoven, C.},
  booktitle = {Tones and tunes: {E}xperimental studies in word and sentence prosody},
  address   = {Berlin},
  publisher = {de Gruyter},
  volume    = {2},
  pages     = {35--62},
}

@incollection{dimperio1997narrow,
  title     = {Narrow focus and focal accent in the Neapolitan variety of Italian},
  author    = {D'Imperio, M.},
  year      = {1997},
  editor    = {Botinis, A. and Kouroupetroglou, G. and Carayiannis, G.},
  booktitle = {Intonation: {T}heory, Models and Applications. {Proceedings of an European Conference on Speech Communication and Technology Workshop}},
  address   = {Athens},
  publisher = {},
  volume    = {},
  pages     = {87--90},
}

@incollection{beckman1997typology,
  title     = {A typology of spontaneous speech},
  author    = {Beckman, M.E.},
  year      = {1997},
  editor    = {Sagisaka, Y. and Campbell, N. and Higuchi, N.},
  booktitle = {Computing prosody: {C}omputational models for processing spontaneous speech},
  address   = {Dordrecht, Heidelberg, London, New York},
  publisher = {Springer},
  volume    = {},
  pages     = {7--26},
}

@incollection{hawkins2003effects,
  title     = {Effects on word recognition of syllable-onset cues to syllable-coda voicing},
  author    = {Hawkins, S. and Nguyen, N.},
  year      = {2003},
  editor    = {Local, J. and Ogden, R. and Temple, R.},
  booktitle = {Papers in {L}aboratory {P}honology},
  address   = {Cambridge},
  publisher = {Cambridge University Press},
  volume    = {6},
  pages     = {38--57},
}

@incollection{nash1980intonation,
  title     = {The intonation of verifiability},
  author    = {Nash, R. and Mulac, A.},
  year      = {1980},
  editor    = {Waugh, L.R. and {van Schoonevenld}, C.H.},
  booktitle = {The Melody of Language: {I}ntonation and prosody},
  address   = {Baltimore},
  publisher = {University Park press},
  volume    = {},
  pages     = {219--242},
}

@incollection{kirsner1994interaction,
  title     = {Interaction of particle and prosody in the interpretation of factual {D}utch sentences},
  author    = {Kirsner, R.S. and {van Heuven}, V.J. and {van Bezooijen}, R.},
  year      = {1994},
  editor    = {Bok-Bennema, R. and Cremers, C.},
  booktitle = {Linguistics in the {N}etherlands},
  address   = {Amsterdam},
  publisher = {John Benjamins},
  volume    = {},
  pages     = {107-118},
}





@misc{jakobson1952preliminaries,
  author       = {Jakobson, R. and Fant, G. and Halle, M.},
  title        = {Preliminaries to speech analysis: {T}he distinctive features},
  year         = {1952},
  howpublished = {MIT acoustics laboratory technical report},
  address      = {Cambridge}
}

@misc{trubeckoj1939grundzuege,
  author       = {Trubeckoj, N.},
  title        = {Grundz\"{u}ge der {P}honologie},
  year         = {1939},
  howpublished = {Travaux du cercle linguistique de Prague},
  volume  = {7},
}

@misc{theodore2009characteristics,
  author  = {Theodore, R.},
  title   = {Some characteristics of talker-specific phonetic detail},
  year    = {2009},
  howpublished = {Psychology dissertations},
  volume  = {9},
}

@misc{dimperio1997breadth,
  author       = {D'Imperio, M.},
  title        = {Breadth of focus, modality, and prominence perception in {N}eapolitan {I}talian},
  year         = {1997},
  howpublished = {Working papers in linguistics - Ohio State University},
  pages        = {19--39},
}

@misc{dimperio2008phonetics,
  author       = {D’Imperio, M. and Cangemi, F. and Brunetti, L.},
  title        = {The phonetics and phonology of contrastive topic constructions in {I}talian},
  year         = {2008},
  howpublished = {Poster presented at the 3rd Conference on Tone and Intonation in Europe, Lisbon, Portugal},
}

@misc{dimperio2009interplay,
  author       = {D'Imperio, M. and Cangemi, F.},
  title        = {The interplay between tonal alignment and rise shape in the perception of two {N}eapolitan rising accents},
  year         = {2009},
  howpublished = {Talk presented at the 4th Conference on Phonetics and Phonology in Iberia, Gran Canaria, Spain},
}

@misc{gilifivela2003tonal,
  author       = {Gili Fivela, B. and D'Imperio, M.},
  title        = {Tonal alignment of prenuclear accents in {I}talian},
  year         = {2003},
  howpublished = {Poster presented at the 2nd Conference on Tone and Intonation in Europe, Santorini, Greece}
}

@misc{mohler2001improvements,
  author       = {M{\"o}hler, G.},
  title        = {Improvements of the {PaIntE} model for F0 parametrization},
  year         = {2001},
  howpublished = {Research Papers from the Phonetics Lab, IMS Universit\"{a}t Stuttgart}
}

@misc{boersma2008praat,
  author       = {Boersma, P. and Weenink, D.},
  title        = {Praat: {D}oing phonetics by computer},
  year         = {2008},
  howpublished = {Computer program, retreived from http://www.praat.org/}
}

@misc{r2008r,
  author       = {{R Development Core Team}},
  title        = {R: {A} Language and Environment for Statistical Computing},
  year         = {2008},
  howpublished = {Computer program, retreived from http://www.R-project.org/}
}

@misc{audacity2006audacity,
  author       = {{Audacity Development Team}},
  title        = {Audacity: {F}ree audio editor and recorder},
  year         = {2006},
  howpublished = {Computer program, retreived from http://audacity.sourceforge.net/}
}

@misc{ipds1994kcrs,
  author       = {{Institut f\"{u}r Phonetik und digitale Sprachverarbeitung}},
  title        = {The Kiel Corpus of Read Speech},
  year         = {1994},
  howpublished = {CD rom},
}

@misc{ipds1997kcss,
  author       = {{Institut f\"{u}r Phonetik und digitale Sprachverarbeitung}},
  title        = {The Kiel Corpus of Spontaneous Speech},
  year         = {1995-1997},
  howpublished = {CD rom},
}

@phdthesis{podi1995esquisse,
  author = {Podi, N.},
  title  = {Esquisse comparative de l'akasilimi et du basaal},
  year   = {1995},
  school = {Grenoble III}
}

@phdthesis{kopkalli1993phonetic,
  author = {Kopkalli, H.},
  title  = {A phonetic and phonological analysis of final devoicing in {T}urkish},
  year   = {1993},
  school = {University of Michigan}
}

@phdthesis{pfitzinger2001phonetische,
  author = {Pfitzinger, H.R.},
  title  = {Phonetische {A}nalyse der {S}prechgeschwindigkeit},
  year   = {2001},
  school = {Ludwig-Maximilians-Universit{\"a}t M{\"u}nchen}
}

@phdthesis{trouvain2004tempo,
  author = {Trouvain, J.},
  title  = {Tempo Variation in Speech Production. {I}mplications for Speech Synthesis},
  year   = {2004},
  school = {Saarland University},
}

@phdthesis{michelas2011caracterisation,
  author = {Michelas, A.},
  title  =  {Caract\'{e}risation phon\'{e}tique et phonologique du syntagme interm\'{e}diaire en fran\c{c}ais: {D}e la production \`{a} la perception},
  year   = {2011},
  school = {Universit\'{e} de Provence},
}

@phdthesis{jun1993phonetics,
  author = {Jun, S.A.},
  title  = {The Phonetics and Phonology of {K}orean Prosody},
  year   = {1993},
  school = {The Ohio State University},
}

@phdthesis{pierrehumbert1980phonology,
  author = {Pierrehumbert, J.B.},
  title  = {The Phonology and Phonetics of {E}nglish intonation},
  year   = {1980},
  school = {Massachussets Institut Of Technology},
}

@phdthesis{dimperio2000role,
  author = {D’Imperio, M.},
  title  = {The role of perception in defining tonal targets and their alignment},
  year   = {2000},
  school = {The Ohio State University}
}

@phdthesis{petrone2008role,
  author = {Petrone, C.},
  title  = {Le r{\^o}le de la variabilit{\'e} phon{\'e}tique dans la repr{\'e}sentation des contours intonatifs et de leur sens},
  year   = {2008},
  school = {Universit{\'e} de Provence}
}

@phdthesis{savino1997ruolo,
  author = {Savino, M.},
  title  = {Il ruolo dell'intonazione nell'interazione comunicativa. Analisi strumentale delle domande polari in un corpus di dialoghi spontanei (varieta' di {B}ari)},
  year   = {1997},
  school = {Universit{\`a}/{P}olitecnico di {B}ari}
}

@phdthesis{liberman1975intonational,
  author = {Liberman, M.},
  title  = {The intonational system of {E}nglish},
  year   = {1975},
  school = {MIT},
}

@phdthesis{gilifivela2004phonetics,
  author = {Gili Fivela, B.},
  title  = {The phonetics and phonology of intonation: {T}he case of {P}isa {I}talian},
  year   = {2004},
  school = {Scuola Normale Superiore, Pisa},
}