{\bfseries
Bibliographie
}

Aarts, B. 2006. Subordination. In K. Brown (ed.), \textit{Encyclopedia of Language \ & Linguistics}. 2\textsuperscript{\`eme} \'edition. Oxford : Elsevier. Vol. 12, 248-254.

Aarts, B. 2007. \textit{Syntactic Gradience : the Nature of Grammatical Indeterminacy}. Oxford University Press.

Abbot, B. 1976. Right Node Raising as a test for constituenthood. \textit{Linguistic Inquiry} 7(4), 639-642.

Abe, J. \ & H. Hoshi 1997. Gapping and P-stranding. \textit{Journal of East Asian Linguistics} 6, 101-136.\textit{}  

Abe, J. \ & H. Hoshi 1999. Directionality of Movement in Ellipsis Resolution in English and Japanese. In S. Lappin \ & E. Benmamoun (eds), \textit{Fragments : Studies in Ellipsis and Gapping}. Oxford University Press. 193-226.

Abeill\'e, A. 2002. \textit{Une grammaire \'electronique du fran\c{c}ais}. Paris : CNRS Editions.

Abeill\'e, A. 2003. A Lexicon- and Construction-Based Approach to Coordinations. In S. M\"uller (ed.), \textit{Proceedings of the HPSG'03 Conference.} Stanford : CSLI Publications. 5-25.

Abeill\'e, A. 2005. Les syntagmes conjoints et leurs fonctions syntaxiques. \textit{Langages} 160, 42-66.

Abeill\'e, A. 2006. Stripping constructions in French. Pr\'esentation \`a la conf\'erence internationale \textit{Coordination and ellipsis}. Paris, juin 2006.

Abeill\'e, A. 2007. \textit{Les nouvelles syntaxes}. Paris : Herm\`es-Lavoisier.

Abeill\'e, A. \textit{en pr\'ep}. Les phrases li\'ees. In A. Abeill\'e, A. Delaveau \ & D. Godard (eds.), \textit{Grande Grammaire du fran\c{c}ais}. Paris : Bayard.

Abeill\'e, A., B\^ilb\^iie, G. \ & F. Mouret \textit{\`a para\^itre}. A Romance Perspective on Gapping Constructions. In H. Boas \ & F. Gonzalvez-Garcia (eds.), \textit{Romance in Construction Grammar} [Constructional Approaches to Language]. Amsterdam : John Benjamins.

Abeill\'e, A. \ & R. Borsley 2006. La syntaxe des corr\'elatives comparatives en anglais et en fran\c{c}ais. In I. Bril \ & G. Rebuschi (eds.), \textit{Coordination et subordination : typologie et mod\'elisation} [\textit{Faits de Langues} 28]. Paris : Ophrys. 21-34.

Abeill\'e, A., Cl\'ement, L. \ & F. Toussenel. 2003. Building a French treebank. In A. Abeill\'e (ed.), \textit{Treebanks}. Dordrecht : Kluwer. 165-188.

Abeill\'e, A., Delaveau, A. \ & D. Godard 2007. La Grande Grammaire du fran\c{c}ais : principes de construction. \textit{Revue roumaine de linguistique} LII(4), 403-419.

Abeill\'e, A. \ & D. Godard 1996. La compl\'ementation des auxiliaires en fran\c{c}ais. \textit{Langages} 122, 32-61.

Abeill\'e, A. \ & D. Godard 2003. Les pr\'edicats complexes dans les langues romanes. In D. Godard (ed.), \textit{Les langues romanes. Probl\`emes de la phrase simple}. Paris : CNRS Editions. 125-184.

Abeill\'e, A. \ & D. Godard 2006. Les relatives sans pronom relatif. In M. Ab\'ecassis, L. Ayosso \ & E. Vialleton (eds.), \textit{Le fran\c{c}ais parl\'e au 21}\textit{\textsuperscript{\`eme}}\textit{ si\`ecle : Normes et variations dans les discours et en interaction}. Paris : l'Harmattan. 37-60.  

Abeill\'e, A. \ & D. Godard 2007. Resumptive pronouns in French \textit{dont} and \textit{que} relative clauses. Pr\'esentation \`a la \textit{Table ronde sur les pronoms r\'esomptifs}, juin 2007. Universit\'e Paris 7 \ & Universit\'e de Nantes.

Abeill\'e, A., Godard, D. \ & I.A. Sag 2003. French relative clause constructions. Manuscrit. Universit\'e Paris 7 \ & Stanford University.

Abeill\'e, A. \ & F. Mouret 2010. Quelques contraintes sur les coordinations elliptiques en fran\c{c}ais. \textit{Revue de S\'emantique et Pragmatique} 24, 177-206.

Abeill\'e, A., Mouret, F., Patin, C., Vercherand, G. \ & H. Yoo \textit{en pr\'ep.} Is there a prosodic correlate to gapping in French. Manuscrit. Universit\'e Paris 7.

Abraham, W. 2006. Topic, focus and default vs. contrastive accent : Typological differences with respect to discourse proeminence. In K. Schwabe \ & S. Winkler (eds.), \textit{On Information Structure, Meaning and Form. Generalizations across Languages}. Amsterdam : John Benjamins. 183-203.

Aelbrecht, L. 2009. \textit{You have the right to remain silent : The syntactic licensing of ellipsis}. Th\`ese de doctorat. Universit\'e catholique de Bruxelles. 

Agafonova, I. \textit{\`a para\^itre}. On Syntax-Semantics of Gapping Constructions. \textit{Chicago Linguistic Society} 46.

Agbayani, B. \ & E. Zoerner 2004. Gapping, Pseudogapping and Sideward Movement. \textit{Studia Linguistica} 58(3), 185-211.

Ambridge, B. \ & A. Goldberg 2008. The island status of clausal complements : Evidence in favor of an information structure explanation. \textit{Cognitive Linguistics} 19(3), 349-381.

Amsili, P. \ & C. Beyssade 2009. Obligatory presuppositions in Discourse. In A. Benz, P. Kuehnlein \ & C. Sidner (eds.), \textit{Constraints in Discourse}. Amsterdam : John Benjamins. 

Amsili, P. \ & M. Desmets 2008. French Comparative Ellipsis. Pr\'esentation \`a la \textit{International Conference on Elliptical Constructions}. Paris, juin 2008.

Arffman, J. 2007. \textit{La coordination et les phrases juxtapos\'ees en fran\c{c}ais}. Th\`ese de doctorat. Universit\'e d'Helsinki. \textit{} 

Arnold, D. 2004. Non-Restrictive Relative Clauses in Construction Based HPSG. In S. M\"uller (ed.), \textit{Proceedings of the HPSG'04 Conference}. Stanford : CSLI Publications. 27-47.

Arnold, D. 2007. Non-Restrictive Relatives are not Orphans. \textit{Journal of Linguistics} 43(2), 272-309.

Arnold, D. \ & R. Borsley 2008. Non-restrictive Relative Clauses, Ellipsis and Anaphora. In S. M\"uller (ed.), \textit{Proceedings of the HPSG'08 Conference}. Stanford : CSLI Publications. 5-25.

Asher, N. 1993. \textit{Reference to Abstract Objects in Discourse}. Dordrecht : Kluwer.

Asher, N. 2004. Discourse topic. \textit{Theoretical Linguistics} 30, 163-202.

Asher, N., Hardt, D. \ & J. Busquets 2001. Discourse Parallelism, Ellipsis, and Ambiguity. \textit{Journal of Semantics} 18, 1-25.

Asher, N. \ & A. Lascarides 2003. \textit{Logics of Conversation} [Studies in Natural Language Processing]. Cambridge University Press.

Asher, N. \ & L. Vieu 2005. Subordinating and coordinating discourse relations. \textit{Lingua} 115, 591-610.

Avram, M. 2001. \textit{Gramatica pentru to\c{t}i}. 3\textsuperscript{\`eme} \'edition. Bucarest : Humanitas.

Baltin, M. 1987. Do antecedent-contained deletions exist ? \textit{Linguistic Inquiry} 18(4), 579-595.

Barbu, A.M. 1999. Complexul verbal. \textit{Studii \c{s}i cercet\u{a}ri lingvistice} L(1), 39-84. 

Barbu, A.M. 2003. The negation \textit{nu~}: lexical or affixal item ? In E. Ionescu (ed.), \textit{Understanding Romanian Negation. Syntactic and Semantic Approaches in a Declarative Perspective}. Editura Universit\u{a}\c{t}ii din Bucure\c{s}ti. 68-82.

Barbu, A.M. 2004. Statutul semiadverbelor din cadrul complexului verbal. In G. Pan\u{a} Dindelegan (coord.), \textit{Tradi\c{t}ie \c{s}i inova\c{t}ie \^in studiul limbii rom\^ane}. Editura Universit\u{a}\c{t}ii din Bucure\c{s}ti. 625-634.

Barbu Mititelu, V. 2003. Construc\c{t}ii cu subiect dublu \^in limba rom\^an\u{a} actual\u{a}. O perspectiv\u{a} HPSG. In G. Pan\u{a} Dindelegan (ed.), \textit{Aspecte ale dinamicii rom\^ane actuale}. 2\textsuperscript{\`eme} volume. Editura Universit\u{a}\c{t}ii din Bucure\c{s}ti. 73-79.

Barton, E. 1990. \textit{Nonsentential constituents}. Amsterdam : John Benjamins.

Beavers, J. \ & I.A. Sag 2004. Ellipsis and apparent non constituent coordinations. In S. M\"uller (ed.), \textit{Proceedings of the HPSG'04 Conference}. Stanford : CSLI Publications. 48-69. 

Berrendonner, A. 1983. Connecteurs pragmatiques et anaphore. \textit{Cahiers de Linguistique Fran\c{c}aise} 5, 215-246.

Beyssade, C. \ & J.-M. Marandin 2006. The Speech Act Assignment Problem Revisited : Disentangling Speaker's Commitment from Speaker's Call on Addressee. In O. Bonami \ & P. Cabredo-Hofherr (eds.), \textit{Empirical Studies in Syntax and Semantics} 6, 37-68. 

B\^ilb\^iie, G. 2008. A Syntactic Account of Romanian Correlative Coordination from a Romance Perspective. In S. M\"uller (ed.), \textit{Proceedings of the HPSG'08 Conference.} Stanford : CSLI Publications. 25-45.

B\^ilb\^iie, G. 2009. Against Syntactic Reconstruction in Romanian Gapping. \textit{Bucharest Working Papers in Linguistics} 11(1), 119-134.

B\^ilb\^iie, G. 2010. Left-Peripheral Ellipsis in Romanian : between Gapping and Argument Cluster Coordination Analyses. Pr\'esentation \`a \textit{The 11th} \textit{Conference of the English Department}. Universit\'e de Bucarest, juin 2010.

B\^ilb\^iie, G. \ & A. Gazdik 2011. Hybrid Coordination in Romanian and Hungarian Multiple Questions. Communication au \textit{Colloque de Syntaxe et S\'emantique de Paris}. Paris, septembre 2011.

B\^ilb\^iie, G. \ & F. Laurens 2009. A Construction-based Analysis of Verbless Relative Adjuncts in French and Romanian. In S. M\"uller (ed.), \textit{Proceedings of the HPSG'09 Conference}. Stanford : CSLI Publications. 5-25.

B\^ilb\^iie, G. \ & F. Laurens 2010. Towards a Non-elliptical Analysis of Verbless Relative Adjuncts. \textit{Bucharest Working Papers in Linguistics} 12(1), 51-66. 

B\^ilb\^iie, G. \ & G. Winterstein 2011. Expressing Contrast in Romanian : the conjunction \textit{iar}. In J. Berns, H. Jacobs \ & T. Scheer (eds.), \textstyleil{\textit{Romance}}\textit{ Languages and Linguistic Theory 2009: Selected papers from `}\textstyleil{\textit{Going}}\textit{} \textstyleil{\textit{Romance'}}\textit{ Nice 2009}. Amsterdam : John Benjamins. 1-18.

Blakemore, D. \ & R. Carston (eds.) 2005. Coordination : Syntax, Semantics and Pragmatics [\textit{Lingua 115}]. 

Blakemore, D. \ & R. Carston 2005. The pragmatics of sentential coordination with \textit{and}. \textit{Lingua} 115, 569-589.

Blanche-Benveniste, C. \ & D. Willems 2007. Un nouveau regard sur les verbes faibles. \textit{Bulletin de la Soci\'et\'e Linguistique de Paris} 102(1), 217-254.

Bl\"uhdorn, H. 2008. Subordination and coordination in syntax, semantics and discourse. In C. Fabricius-Hansen \ & W. Ramm (eds.), \textit{`Subordination' versus `Coordination' in Sentence and Text : a cross-linguistic perspective} [Studies in Language Companion Series 98]. Amsterdam : John Benjamins. 59-85.

Bonami, O. \ & E. Delais-Roussarie 2006. Metrical Phonology in HPSG. In S. M\"uller (ed.), \textit{Proceedings of the HPSG'06 Conference}. Stanford : CSLI Publications. 39-59.  

Bonami, O. \ & D. Godard 2005. Les adverbes \'evaluatifs dans une approche multidimensionnelle du sens. In I. Choi-Jonin, N. Bras, A. Dagnac \ & M. Rouquier (eds.), \textit{Questions de classification en linguistique : m\'ethodes et descriptions.} Berne : Peter Lang. 19-37.

Bonami, O. \ & D. Godard 2007a. Parentheticals in Underspecified Semantics : The Case of Evaluative Adverbs. \textit{Research on Language and Computation} 5, 391-413.

Bonami, O. \ & D. Godard 2007b. Integrating Linguistic Dimensions : The Scope of Adverbs. In S. M\"uller (ed.), \textit{Proceedings of the HPSG'07 Conference}. Stanford : CSLI Publications. 25-45.

Bonami, O. \ & D. Godard 2007c. Quelle syntaxe, incidemment, pour les adverbes incidents ? \textit{Bulletin de la Soci\'et\'e de linguistique de Paris} CII, 255-284.

Bonami, O. \ & D. Godard 2008a. Vers une syntaxe g\'en\'erale des constituants incidents. Pr\'esentation au \textit{S\'eminaire du LIDILE}, Universit\'e de Haute Bretagne, Rennes, mars 2008. 

Bonami, O. \ & D. Godard 2008b. Syntaxe des incises de citation. In J. Durand, B. Habert \ & B. Laks (eds.), \textit{Actes du premier Congr\`es Mondial de Linguistique Fran\c{c}aise}. 2407-2420.

Bonami, O. \ & D. Godard 2008c. On the syntax of direct quotation in French. In S. M\"uller (ed.), \textit{Proceedings of the HPSG'08 Conference}. Stanford : CSLI Publications. 358-377.

Bonami, O. \ & D. Godard 2008d. Lexical Semantics and Pragmatics of Evaluative Adverbs. In L. McNally \ & C. Kennedy (eds.), \textit{Adjectives and Adverbs in Semantics and Discourse}. Oxford University Press. 274-304.

Bonami, O. \ & D. Godard \textit{\`a para\^itre}. Les ajouts de citation du fran\c{c}ais : \'el\'ements de classification. In E. Richard (ed.), \textit{Entre oral et \'ecrit : incise, incidente et parenth\`ese}. Presses Universitaires de Rennes.

Bonami, O., Godard, D. \ & B. Kampers-Manhe 2004. Adverb Classification. In F. Corblin \ & H. de Swart (eds.), \textit{Handbook of French Semantics}. Stanford : CSLI Publications. 143-184.

Bonami, O. \ & P. Samvelian 2009. Inflectional Periphrasis in Persian. In S. M\"uller (ed.), \textit{Proceedings of the HPSG'09 Conference}. Stanford : CSLI Publications. 26-46.

Booij, G. 1994. Against split morphology. In G. Booij \ & J. van Marle (eds.), \textit{Yearbook of Morphology 1993}. Dordrecht : Kluwer. 27-50.

Booij, G. 1996. Inherent versus contextual inflection and the split morphology hypothesis. In G. Booij \ & J. van Marle (eds.), \textit{Yearbook of Morphology 1995.} Dordrecht : Kluwer. 1-16.

Booij, G. 2007. \textit{The Grammar of Words : An Introduction to Morphology}. 2\textsuperscript{\`eme} \'edition. Oxford University Press.

Borsley, R. 1994. In Defense of Coordinate Structures. \textit{Linguistic Analysis} 24, 219-246.

Borsley, R. 2005. Against ConjP. \textit{Lingua} 115, 461-482.

Borsley, R. 2009. On the superficiality of Welsh agreement. \textit{Natural Language and Linguistic Theory} 27, 225-265.

Borsley, R., Tallerman, M. \ & W. David 2007. \textit{The syntax of Welsh}. Cambridge University Press.

Bouton, L. 1970. Antecedent contained pro-forms. \textit{Chicago Linguistic Society} 6, 154-167.

Bril, I. \ & G. Rebuschi 2006. Coordination, subordination et co-jonction : faits linguistiques et concepts. In I. Bril \ & G. Rebuschi (eds.), \textit{Coordination et subordination : typologie et mod\'elisation} [\textit{Faits de Langues} 28]. Paris : Ophrys. 7-20.

Briscoe, T. \ & A. Copestake 1999. Lexical rules in constraint-based grammars. \textit{Computational Linguistics} 25(4), 487-526.

B\"uring, D. 2003. On D-trees, beans, and B-accents. \textit{Linguistics and Philosophy} 26, 511-545.

B\"uring, D. 2007. Semantics, intonation and information structure. In G. Raamchand \ & C. Reiss (eds.), \textit{The Oxford Handbook of Linguistics Interfaces}. Oxford University Press. Chap. 15. 

Camacho, J. 2003. \textit{The Structure of Coordination. Conjunction and Agreement Phenomena in Spanish and Other Languages} [Studies in Natural Language and Linguistic Theory 57]. Kluwer Academic Publishers.\textit{} 

Carlson, G. 1987. Same\textit{} and different\textit{~}: Some consequences for syntax and semantics. \textit{Linguistics and Philosophy} 10, 531-565.

Carlson, K. 2001. The effects of parallelism and prosody in the processing of gapping sentences. \textit{Language and Speech} 44, 1-26.

Carlson, K. 2002. \textit{Parallelism and prosody in the processing of ellipsis sentences}. New York : Routledge.

Carlson, K., Dickey, M.W.  \ & C. Kennedy 2005. Structural economy in the processing and representation of gapping sentences. \textit{Syntax} 8(3), 208-228.

Carston, R. \ & D. Blakemore 2005. Introduction to coordination : Syntax, Semantics and Pragmatics. \textit{Lingua} 115, 353-358.

Chao, W. 1988. \textit{On ellipsis}. New York : Garland Publishing. 

Chaves, R. 2005. A Linearization-based approach to Gapping. In G. J\"ager, P. Monachesi, G. Penn \ & S. Wintner (eds.), \textit{FG-MOL 2005 : The 10th conference on Formal Grammar and The 9th Meeting on Mathematics of Language}. Edinburgh. 207-220.

Chaves, R. 2007. \textit{Coordinate Structures -- Constraint-based Syntax-Semantics Processing.} Th\`ese de doctorat. Universit\'e de Lisbonne.

Chaves, R. \ & I.A. Sag 2008. Left- and Right-Peripheral Ellipsis in Coordinate and Non-Coordinate Structures. Manuscrit. University at Buffalo \ & Stanford University.

Choi-Jonin, I. \ & E. Delais-Roussarie 2006. L'association de propositions sans marque segmentale en fran\c{c}ais parl\'e : \'etude syntactico-s\'emantique et prosodique. In I. Bril \ & G. Rebuschi (eds.), \textit{Coordination et subordination : typologie et mod\'elisation} [\textit{Faits de Langues} 28]. Paris : Ophrys. 83-94.

Chomsky, N. 1964. \textit{Current Issues in Linguistic Theory}. La Haye : Mouton.

Chung, S. 2005. Sluicing and the Lexicon : The Point of No Return. \textit{Berkeley Linguistics Society : Proceedings of the Annual Meeting} 31(1), 73-91.

Chung, S., William, L. \ & J. McCloskey 1995. Sluicing and logical form. \textit{Natural Language Semantics} 3, 239-282.

Clark, H. \ & R. Gerrig 1990. Quotations as demonstrations. \textit{Language} 66, 764-805.

Cl\'ement, L. 2010. Zeugme s\'emantique. \textit{Revue de S\'emantique et Pragmatique} 24, 231-247.

Copestake, A., Flickinger, D., Pollard, C. \ & I.A. Sag 2005. Minimal Recursion Semantics : An Introduction. \textit{Research on Language and Computation} 3(4), 281-332.

Coppock, E. 2001. Gapping : in defense of deletion. \textit{Chicago Linguistic Society} 37(1), 133-148. 

Corbett, G. 1991. \textit{Gender}. Cambridge University Press.

Cori, M. \ & J.-M. Marandin 1995. Trees and the Representation of Disjunct Constituents. \textit{Proceedings of Formal Grammar} 95, 271-286.

Cornilescu, A. \ & A. Nicolae 2010. On nominal ellipsis and the valuation of definiteness in Romanian. \textit{Bucharest Working Papers in Linguistics} 12(1), 93-125.

Cosme, C. 2008. A corpus-based perspective on clause linking patterns in English, French and Dutch. In C. Fabricius-Hansen \ & W. Ramm (eds.), \textit{`Subordination' versus `Coordination' in Sentence and Text : a cross-linguistic perspective} [Studies in Language Companion Series 98]. Amsterdam : John Benjamins. 89-114.

Creissels, D. 2006. \textit{Syntaxe g\'en\'erale : une introduction typologique}. 2 volumes. Paris : Herm\`es-Lavoisier.

Cristofaro, S. 2003. \textit{Subordination}. Oxford University Press.

Croitor, B. 2011. \textit{Acordul \^in limba rom\^an\u{a}}. Th\`ese de doctorat. Universit\'e Paris 7 \ & Universit\'e de Bucarest.

Crysmann, B. 2003. An Asymmetric Theory of Peripheral Sharing in HPSG : Conjunction Reduction and Coordination of Unlikes. In G. Penn (ed.), \textit{Proceedings of FG Vienna : The 8th Conference on Formal Grammar}. Stanford : CSLI Publications. 45-64.

Crysmann, B. 2006. Coordination. In K. Brown (ed.), \textit{Encyclopedia of Language \ & Linguistics}. 2\textsuperscript{\`eme} \'edition. Oxford : Elsevier. Vol. 3, 183-196.

Culicover, P. 2009. \textit{Natural Language Syntax}. Oxford University Press.

Culicover, P. \ & R. Jackendoff 1997. Semantic Subordination despite Syntactic Coordination. \textit{Linguistic Inquiry} 28(2), 195-217.

Culicover, P. \ & R. Jackendoff 2005. \textit{Simpler Syntax}. Oxford University Press.

Dalrymple, M. 2001. \textit{Lexical functional grammar. Syntax and Semantics 34.} New York : Academic Press. Chap. 13.

Dalrymple, M. 2005. Against reconstruction in ellipsis. In R. Elugardo \ & R.J. Stainton (eds.), \textit{Ellipsis and Nonsentential Speech}. Dordrecht : Springer. 31-55.

Dalrymple, M., Shieber, S. \ & F. Pereira 1991. Ellipsis and Higher-Order Unification. \textit{Linguistics and Philosophy} 14(4) : 399-452.

Daniels, M. 2002. On a type-based analysis of feature neutrality and the coordination of unlikes. In F. van Eynde, L. Hellan \ & D. Beermann (eds.), \textit{Proceedings of the HPSG'01 Conference}. Stanford : CSLI Publications. 137-147.

Davidson, D. 1979. Quotation. \textit{Theory and Decision} 11, 27-40.

Delais-Roussarie, E. 2005. Vers une grammaire prosodique formelle : le cas des incidentes en fran\c{c}ais. \textit{Actes \'electroniques de la conf\'erence {\guillemotleft}~Discours et Prosodie 05}. Universit\'e de Provence.

Delais-Roussarie, E. \ & F. Mouret 2008. Quelques aspects de la coordination en fran\c{c}ais. Pr\'esentation au s\'eminaire \textit{Interfaces de la prosodie}. Universit\'e Paris 7.

Den Dikken, M. 2005. Comparative correlatives comparatively. \textit{Linguistic Inquiry} 36(4), 497-532.

Depiante, M. 2000. \textit{The syntax of deep and surface anaphora : a study of null complement anaphora and stripping/bare argument ellipsis}. Th\`ese de doctorat. University of Connecticut.

Desmets, M. 2001. \textit{Les typages de la phrase en HPSG : le cas des phrases en} comme. Th\`ese de doctorat. Universit\'e Paris X Nanterre.

Dik, S. 1997. \textit{The Theory of Functional Grammar.} Part 2 : \textit{Complex and Derived Constructions} [Functional Grammar Series 21]. Mouton de Gruyter. Chapter 9 : Coordination.

Dixon, R.M.W. 2009. The Semantics of Clause Linking in Typological Perspective. In R.M.W. Dixon \ & A. Aikhenvald (eds.), \textit{The Semantics of Clause Linking}. \textit{A Cross-linguistic Typology.} Oxford University Press. 1-55. 

Dobrovie-Sorin, C. 1987. \textit{Syntaxe du roumain}. Th\`ese de doctorat. Universit\'e Paris 7.

Dobrovie-Sorin, C. 1994. \textit{The Syntax of Romanian. Comparative Studies in Romance} [Studies in Generative Grammar 40]. Mouton de Gruyter. 

Dobrovie-Sorin, C. \ & C. Beyssade 2004. \textit{D\'efinir les ind\'efinis}. Paris : CNRS Editions.

Dowty, D. 1988. Type raising, functional composition, and non-constituent conjunction. In R. Oehrle, E. Bach \ & D. Wheeler (eds.), \textit{Categorial grammar and natural language structures}. Dordrecht : Kluwer. 153-198.

Elugardo, R. \ & R. Stainton 2005. \textit{Ellipsis and non-sentential speech}. Dordrecht : Springer.

Fabricius-Hansen, C. \ & W. Ramm (eds.) 2008. \textit{`Subordination' versus `Coordination' in Sentence and Text : a cross-linguistic perspective} [Studies in Language Companion Series 98]. Amsterdam : John Benjamins.

Fabricius-Hansen, C. \ & W. Ramm 2008. Editor's introduction : Subordination and coordination from different perspectives. In C. Fabricius-Hansen \ & W. Ramm (eds.), \textit{`Subordination' versus `Coordination' in Sentence and Text : a cross-linguistic perspective} [Studies in Language Companion Series 98]. Amsterdam : John Benjamins. 1-30.

Fanselow, G. \ & S. Frisch 2006. Effects of processing difficulty on judgments of acceptability. In G. Fanselow, C. F\'ery, R. Vogel \ & M. Schlesewsky (eds.), \textit{Gradience in grammar : Generative perspectives}. Oxford University Press.

Farkas, D. 1978. Direct and Indirect Object Reduplication in Romanian. \textit{Chicago Linguistic Society} 14, 88-97.

Fern\'andez Rovira, R. 2006. \textit{Non-Sentential Utterances in Dialogue : Classification, Resolution and Use.} Th\`ese de doctorat. King's College London.

Fern\'andez, R., Ginzburg, J. \ & S. Lappin 2007. Classifying Non-Sentential Utterances in Dialogue : A Machine Learning Approach. \textit{Computational Linguistics} 33(3), 397-427.

F\'ery, C. \ & K. Hartmann 2005. The focus and prosodic structure of German Right Node Raising and Gapping. \textit{Linguistic Review} 22, 69-116. 

Fiengo, R. \ & R. May 1994. \textit{Indices and identity}. MIT Press.

Foley, W. \ & R. Van Valin 1984. \textit{Functional syntax and universal grammar}. Cambridge University Press.

Fortin, C. 2007. \textit{Indonesian sluicing and verb phrase ellipsis : Description and explanation in a minimalist framework}. Th\`ese de doctorat. University of Michigan, Ann Arbor. 

Fox, D. 2000. \textit{Economy and semantic interpretation}. Cambridge : MIT Press.

Frank, A. 2002. A (discourse) functional analysis of asymmetric coordination. In M. Butt \ & T. Holloway King (eds.), \textit{Proceedings of the LFG'02 Conference}. Stanford : CSLI Publications. 174-196.

Franke, M. 2008. Pseudo-imperatives and other cases of conditional conjunction and conjunctive disjunction. In C. Fabricius-Hansen \ & W. Ramm (eds.), \textit{`Subordination' versus `Coordination' in Sentence and Text : a cross-linguistic perspective} [Studies in Language Companion Series 98]. Amsterdam : John Benjamins. 255-279.

Frazier, L. \ & C. Clifton 2005. The syntax-discourse divide : Processing ellipsis. \textit{Syntax} 8(2), 121-174.

Frazier, L. \ & C. Clifton 2006. Ellipsis and discourse coherence. \textit{Linguistics and Philosophy} 29(3), 315-346. 

Furbee, N.L. 1974. Identity in Gapping and Lexical Insertion of Verbs. \textit{Linguistic Inquiry} 5(2), 299-304.

Gaeta, L. \ & S. Luraghi 2001. Gapping in Classical Greek prose. \textit{Studies in Language} 25(1), 89-113.

Gardent, C. 1991. \textit{Gapping and VP Ellipsis in a Unification-Based Grammar}. Th\`ese de doctorat. University of Edinburgh.

Gazdar, G. 1981. Speech act assignment. In A. Joshi, B. Webber \ & I.A. Sag (eds.), \textit{Elements of Discourse Understanding}. Cambridge University Press. 64-83.

Gazdar, G., Klein, E., Pullum, G. \ & I.A. Sag 1985. \textit{Generalized Phrase Structure Grammar}. Oxford : Basil Blackwell.

\textit{***GA~}:\textit{} Graur, A. (coord.) 1963. \textit{Gramatica limbii rom\^ane}. 2\textsuperscript{\`eme} \'edition. Bucarest : Editura Academiei Rom\^ane.

\textit{***GALR~}: Gu\c{t}u-Romalo, V. (coord.) 2005. \textit{Gramatica limbii rom\^ane}. Bucarest : Editura Academiei Rom\^ane. 

\textit{***GBLR~}: Pan\u{a} Dindelegan, G. (coord.) 2010. \textit{Gramatica de baz\u{a} a limbii rom\^ane}. Bucarest : Univers Enciclopedic Gold. 

\textit{***GGF~}: Abeill\'e, A., Delaveau, A. \ & D. Godard (coord.) \textit{en pr\'ep}. \textit{La Grande Grammaire du Fran\c{c}ais}. Paris : Bayard. 

Gheorghe, M. 2004. \textit{Propozi\c{t}ia relativ\u{a}}. Bucarest : Editura Paralela 45.

Gheorghe, M. 2005. Construc\c{t}ii cu propozi\c{t}ii relative. In \textit{GALR}, 2\textsuperscript{\`eme} volume. Bucarest : Editura Academiei Rom\^ane.

Ginzburg, J. \textit{\`a para\^itre}. \textit{The Interactive Stance : Meaning for Conversation}. Oxford University Press.

Ginzburg, J. \ & R. Cooper 2004. Clarification, ellipsis, and the nature of contextual updates in dialogue\textit{. Linguistics and Philosophy} 27, 297-365.

Ginzburg, J. \ & I.A. Sag 2000. \textit{Interrogative investigations : the form, meaning and use of English interrogatives.} Stanford : CSLI Publications.

Giurgea, I. 2010. \textit{Pronoms, D\'eterminants et Ellipse Nominale}. Bucarest : Editura Universit\u{a}\c{t}ii din Bucure\c{s}ti.

Godard, D. 1988. \textit{La syntaxe des relatives en fran\c{c}ais}. Paris : CNRS Editions.

Godard, D. 1989. Fran\c{c}ais standard et non standard : les relatives. \textit{LINX} 20, 51-88.

Goldsmith, J. 1985. A Principled Exception to the Coordinate Structure Constraint. \textit{Chicago Linguistic Society} 21, 133-143.  

Goodall, G. 1987. \textit{Parallel Structures in Syntax : Coordination, Causatives, and restructuring}. Cambridge University Press.

Grevisse, M. 1993. \textit{Le Bon Usage}. 13\textsuperscript{\`eme} \'edition. Boeck Duculot.

Grice, H.P. 1968. Utterer's meaning, sentence meaning and word-meaning. \textit{Foundations of Language} 4, 225-242.

Grimshaw, J. 1979. Complement Selection and the Lexicon. \textit{Linguistic Inquiry} 10(2), 279-326.

Grinder, J. \ & P. Postal 1971. Missing Antecedents. \textit{Linguistic Inquiry} 2(3), 269-312.

Grosu, A. 1973. On the nonunitary nature of the coordinate structure. \textit{Linguistic Inquiry} 4(1), 88-92.

Grover, C. 1999. Coordination. In K. Brown \ & J. Miller (eds.), \textit{Concise encyclopedia of grammatical categories}. Oxford : Elsevier. 115-122.

Gutman, E. 2004. Third Person Null Subjects in Hebrew, Finnish and Rumanian : An Accessibility-Theoretic Account. \textit{Journal of Linguistics} 40(3), 463-490.

Gu\c{t}u Romalo, V. 1973. \textit{Sintaxa limbii rom\^ane : probleme \c{s}i interpret\u{a}ri}. Bucarest : Editura didactic\u{a} \c{s}i pedagogic\u{a}.

Haiman, J. \ & S. Thompson (eds.) 1988. \textit{Clause Combining in Grammar and Discourse}. Amsterdam : John Benjamins.

Hankamer, J. 1971. \textit{Constraints on Deletion in Syntax}. Th\`ese de doctorat. Yale University.

Hankamer, J. 1973. Unacceptable ambiguity. \textit{Linguistic Inquiry} 4(1), 17-68.

Hankamer, J. 1979. \textit{Deletion in coordinate structures}. New York~-- London : Garland.

Hankamer, J. \ & I.A. Sag 1976. Deep and surface anaphora. \textit{Linguistic Inquiry} 7(3), 391-428.

Hardt, D. 1993. \textit{Verb phrase ellipsis : Form, meaning and processing}. Th\`ese de doctorat. University of Pennsylvania.

Hardt, D. 1999. Dynamic interpretation of verb phrase ellipsis. \textit{Linguistics and Philosophy} 22, 185-219.

Hardt, D. \ & M. Romero 2004. Ellipsis and the structure of discourse. \textit{Journal of Semantics} 21(4), 375-414.

Harries-Delisle, H. 1978. Coordination reduction. In J. Greenberg (ed.), \textit{Universals of human language}. Stanford University Press. 515-583.

Hartmann, K. 2000. \textit{Right Node Raising and gapping : Interface conditions on prosodic deletion}. Amsterdam : John Benjamins.

Haspelmath, M. 2004. Coordinating Constructions : An overview. In M. Haspelmath (ed.), \textit{Coordinating Constructions} [Typological Studies in Language 58]. Amsterdam : John Benjamins. 3-40.  

Haspelmath, M. 2007. Coordination. In T. Shopen (ed.), \textit{Language Typology and Syntactic Description.} 2\textsuperscript{\`eme} volume : \textit{Complex Constructions}. Cambridge University Press. 1-51. 

Hawkins, J. 1988. On explaining some right-left asymmetries in syntactic and morphological universals. In M. Hammond, E. Moravcsik \ & J. Wirth (eds.), \textit{Studies in syntactic typology}. Amsterdam/Philadelphia : Benjamins. 321-357.

Hendriks, P. 1995. \textit{Comparatives and Categorial Grammar}. Th\`ese de doctorat. University of Gr\"oningen.

Hendriks, P. 2004. Coherence relations, ellipsis and contrastive topics. \textit{Journal of Semantics} 21(2), 133-153.

Hendriks, P. \ & J. Spenader 2005. Why be silent ? Some functions of ellipsis in natural language. In J. Spenader \ & P. Hendriks (eds.), \textit{Proceedings of the ESSLLI '05 workshop on cross-modular approaches to ellipsis}. Heriot-Watt University. 29-36.

Hern\'andez, A.C. 2007. Gapping as a syntactic dependency. \textit{Lingua} 117, 2106-2133.

Hinrichs, E. \ & T. Nakazawa 1994. Linearizing AUXs in German Verbal Complexes. In J. Nerbonne, K. Netter \ & C. Pollard (eds.), \textit{German in Head-Driven Phrase Structure Grammar}. Stanford : CSLI Publications. 11-38.

Hinterwimmer, S. \ & S. Repp 2008. Different Alternatives for Topics and Foci : Evidence from Indefinites and Multiple \textit{wh}. In A. Gr{\o}nn (ed.), \textit{Proceedings of SuB12}. Oslo : ILOS. 241-255.

Hofmeister, P. 2010. A linearization account of \textit{either...or} constructions. \textit{Natural Language and Linguistic Theory} 28, 275-314.

Hofmeister, P. \ & I.A. Sag 2010. Cognitive constraints and island effects. \textit{Language} 86(2), 366-415. 

H\"ohle, T. 1991. On Reconstruction and Coordination. In H. Haider \ & K. Netter (eds.), \textit{Representation and Derivation in the Theory of Grammar} [Studies in Natural Language and Linguistic Theory]. Dordrecht : Kluwer. 139-197.

Horn, L.R. 1993. Economy and Redundancy in a Dualistic Model of Natural Language. In S. Shore \ & M. Vilkuna (eds.), \textit{SKY 1993 : 1993 Yearbook of the Linguistic Association of Finland}. 33-72.

Hoyt, F. 2008. Once More into the Gap. Manuscrit. University of Texas at Austin.

Huddleston, R. 1994. The contrast between interrogatives and questions. \textit{Journal of~Linguistics} 30(2), 411-439.

Huddleston, R. \ & G.K. Pullum (eds.) 2002. \textit{The Cambridge Grammar of the English Language}. Cambridge University Press. 

Hudson, R. 1976. Conjunction reduction, gapping and right-node raising. \textit{Language} 52, 535-562.

Hudson, R. 1988. Coordination and grammatical relations. \textit{Journal of Linguistics} 24, 303-342.

Hudson, R. 1989. Gapping and grammatical relations. \textit{Journal of Linguistics} 25, 57-94.

Hulsey, S. 2008. \textit{Focus Sensitive Coordination}. Th\`ese de doctorat. MIT.

Ince, A. 2009. \textit{Dimensions of ellipsis : investigations in Turkish}. Th\`ese de doctorat. University of Maryland, College Park.

Ionescu, E. 1999. Pro-Drop : An HPSG Account without Lexical Rules. \textit{Bucharest Working Papers in Linguistics} 1(1), 117-124.

Ionescu, E. (ed.) 2003. \textit{Understanding Romanian Negation. Syntactic and Semantic Approaches in a Declarative Perspective}. Editura Universit\u{a}\c{t}ii din Bucure\c{s}ti. 

Ionescu, E. 2007. \textit{Gramatici formale}. Editura Universit\u{a}\c{t}ii din Bucure\c{s}ti.

Izutsu, M.N. 2008. Contrast, concessive, and corrective : Toward a comprehensive study of opposition relations. \textit{Journal of Pragmatics} 40, 646-675.

Jackendoff, R. 1971. Gapping and Related Rules. \textit{Linguistic Inquiry} 2(1), 21-35.

Jackendoff, R. 1972. \textit{Semantic interpretation in generative grammar}. Cambridge : MIT Press.

Jackendoff, R. 1977. \textit{X-bar syntax : a study of phrase structure}. Cambridge : MIT Press.

Jasinskaja, K. \ & H. Zeevat 2009. Explaining conjunction systems : Russian, English, German. In A. Riester \ & T. Solstad (eds.), \textit{Proceedings of Sinn und Bedeutung 13}. University of Stuttgart.

Jasinskaja, K. \ & H. Zeevat 2010. Explaining Additive, Adversative and Contrast Marking in Russian and English. \textit{Revue de S\'emantique et Pragmatique} 24, 65-91.

Jayaseelan, K.A. 1990. Incomplete VP Deletion and Gapping. \textit{Linguistic Analysis} 20, 64-81. 

Jayez, J. \ & C. Rossari 2004. Parentheticals as Conventional Implicatures. In F. Corblin \ & H. de Swart (eds.), \textit{Handbook of French Semantics}. Stanford : CSLI Publications. 211-229.

Johannessen, J.B. 1998. \textit{Coordination}. Oxford University Press. 

Johannessen, J.B. 2005. The syntax of correlative adverbs. \textit{Lingua} 115, 419-443.

Johnson, K. 1996/2004. In search of the English middle field. Manuscrit. University of Massachusetts, Amherst.

Johnson, K. 2000. Gapping Determiners. In K. Schwabe \ & N. Zhang (eds.), \textit{Ellipsis in Conjunction}. T\"ubingen : Niemeyer. 95-116.

Johnson, K. 2001. What VP ellipsis can do, and what it can't, but not why. In M. Baltin \ & C. Collins (eds.), \textit{The handbook of contemporary syntactic theory}. Oxford : Blackwell Publishers. 439-479.  

Johnson, K. (ed.) 2008. \textit{Topics in Ellipsis}. Cambridge University Press.

Johnson, K. 2009. Gapping is not (VP-) Ellipsis. \textit{Linguistic Inquiry} 40(2), 289-328.

Kathol, A. 2000. \textit{Linear syntax}. Oxford University Press.

Kayne, R. 1994. \textit{The antisymmetry of syntax}. Cambridge : MIT Press.

Kazenin, K. 2001. Gapping and some agreement puzzles. Manuscrit. University of T\"ubingen.

Kehler, A. 1994. A Discourse Processing Account of Gapping and Causal Implicature. Manuscrit. Harvard University.

Kehler, A. 1996. Coherence and the Coordinate Structure Constraint. \textit{Berkeley Linguistics Society : Proceedings of the Annual Meeting} 22(1), 220-231.

Kehler, A. 2000. Coherence and the resolution of ellipsis. \textit{Linguistics and Philosophy} 23, 533-575.

Kehler, A. 2002. \textit{Coherence, Reference and the Theory of Grammar}. Stanford : CSLI Publications.

Kehler, A. 2004. Discourse Topics, Sentence Topics, and Coherence. \textit{Theoretical Linguistics} 30, 227-240.

Kennedy, C. 1994. Argument contained ellipsis. Linguistic Research Center Report LRC-94-03. University of California, Santa Cruz.

Kennedy, C. 1997. Antecedent-Contained Deletion and the Syntax of Qunatification. \textit{Linguistic Inquiry} 28(4), 662-688.

Kennedy, C. 2003. Ellipsis and syntactic representation. In S. Winkler \ & K. Schwabe (eds.),\textit{ The Interfaces : Deriving and Interpreting Omitted Structures}. Amsterdam : John Benjamins.  

Kerleroux, F. \ & J.-M. Marandin 2001. L'ordre des mots. In J.-M. Marandin (ed.), \textit{Cahier Jean-Claude Milner}. Paris : Verdier. 277-302.

Kim, J.-S. 1997. \textit{Syntactic focus movement and ellipsis : A minimalist approach.} Th\`ese de doctorat. University of Connecticut. 

Kim, J.-S. 1998. A minimalist account of Gapping in Korean/Japanese. \textit{Studies in Generative Grammar} 8, 105-137.

Kim, J.-S. 2006. Gapping : Movement or Deletion. Manuscrit. Yeungnam University.

Kiss, K. 1995. \textit{Discourse-Configurational Languages}. Oxford University Press.

Kiss, T. 2005. Semantic constraints on relative clause extraposition. \textit{Natural Language and Linguistic Theory} 23(2), 281-334.

Kluender, R. 1998. On the distinction between strong and weak islands : a processing perspective. \textit{Syntax and semantics} 29 : \textit{The limits of Syntax}. 241-279.

Konietzko, A. \ & S. Winkler 2010. Contrastive ellipsis : Mapping between syntax and information structure. \textit{Lingua} 120, 1436-1457. 

Koutsoudas, A. 1971. Gapping, conjunction reduction, and coordinate deletion. \textit{Foundations of Language} 7, 337-386.

Kubota, Y. \ & J. Lee 2008. Reconsidering the Coordinate Structure Constraint in Japanese and Korean : Syntactic constraint or pragmatic principle ? In S. M\"uller (ed.), \textit{Proceedings of the HPSG'08 Conference}. Stanford : CSLI Publications. 399-416.

Kuno, S. 1972. Functional Sentence Perspective : A Case Study from Japanese and English. \textit{Linguistic Inquiry} 3(3), 269-320.

Kuno, S. 1976. Gapping : A Functional Analysis. \textit{Linguistic Inquiry} 7(2), 300-318.

Kuno, S. 1982. The focus of the question and the focus of the answer. \textit{Chicago Linguistic Society} 18(2), 134-157.

Laca, B. \ & L. Tasmowski 2001. Distributivit\'e et interpr\'etations d\'ependantes des expressions d'identit\'e. In G. Kleiber, B. Laca \ & L. Tasmowski\textit{} (eds.), \textit{Typologie des groupes nominaux}. Rennes : Presses Universitaires de Rennes. 143-166.

Lakoff, G. 1971. If's, And's and But's about conjunction. In C. Fillmore \ & T. Langendoen (eds.), \textit{Studies in Linguistic Semantics}. New York : Holt, Rinehart \ & Winston. 114-149.

Lakoff, G. 1973. Hedges : A Study in Meaning Criteria and the Logic of Fuzzy Concepts. \textit{Journal of Philosophical Logic} 2(4), 458-508.

Lakoff, G. 1974. Syntactic amalgams. \textit{Chicago Linguistic Society} 10, 321-344.

Lakoff, G. 1986. Frame Semantic Control of the Coordinate Structure Constraint. \textit{Chicago Linguistic Society} 22(2), 152-167.

Lang, E. 1984. \textit{The Semantics of Coordination} [Studies in Language Companion Series 9]. Amsterdam : John Benjamins.

Lappin, S. 1996. The interpretation of ellipsis. In S. Lappin (ed.), \textit{The handbook of contemporary semantic theory}. Oxford : Blackwell. 145-175.

Lappin, S. 1999. An HPSG Account of Antecedent Contained Ellipsis. In S. Lappin \ & E. Benmamoun (eds.), \textit{Fragments : Studies in ellipsis and gapping}. Oxford University Press. 68-97.

Lappin, S. \ & E. Benmamoun (\'eds.) 1999. \textit{Fragments : Studies in ellipsis and gapping}. Oxford University Press.\textit{} 

Lasersohn, P. 1995. \textit{Plurality, Conjunction and Events}. Dordrecht : Kluwer.

Lasnik, H. 1999. Pseudogapping puzzles. In S. Lappin \ & E. Benmamoun (eds.), \textit{Fragments : Studies in ellipsis and gapping}. Oxford University Press. 141-174.

Lasnik, H. 2006. A Family of Questions. Pr\'esentation faite \`a l'Universit\'e Nanzan.

Laurens, F. 2007. Analyse et Formalisation des Types de Phrases Averbales du Fran\c{c}ais. M\'emoire de master. Universit\'e Paris 7. 

Laurens, F. 2008. French Predicative Verbless Utterances. In S. M\"uller (ed.), \textit{Proceedings of the HPSG'08 Conference}. Stanford: CSLI Publications. 152-172.

Laury, R. (ed.) 2008. \textit{Crosslinguistic Studies of Clause Combining. The multifunctionality of conjunctions}. Amsterdam : John Benjamins.

Lechner, W. 2004. \textit{Ellipsis in Comparatives.} Mouton de Gruyter.

Lee, H. 2005. VP Coordination Analysis of Gapping Constructions in Korean. \textit{Studies in Generative Grammar} 15(4), 533-562.

Legendre, G. 2000. Positioning Romanian Verbal Clitics at PF : An Optimality-Theoretic Analysis. In B. Gerlach \ & J. Grijzenhout (eds.), \textit{Clitics from Different Perspectives}. Amsterdam : John Benjamins. 219-254.

Lehmann, C. 1988. Towards a typology of clause linkage. In J. Haiman \ & S. Thompson (eds.), \textit{Clause Combining in Grammar and Discourse} [Typological Studies in Language 80]. Amsterdam : John Benjamins.

Levin, N. 1986. \textit{Main-verb ellipsis in spoken English}. New York : Garland Publishing.

Levin, N. \ & E. Prince 1986. Gapping and Causal Implicature. \textit{Papers in Linguistics} 19, 351-364.

Levinson, S. 2000. \textit{Presumptive Meanings. The Theory of Generalized Conversational Implicature}. Cambridge : MIT Press.

Levy, R. \ & C. Polard 2002. Coordination and Neutralization in HPSG. In F. van Eynde, L. Hellan \ & D. Beermann (eds.), \textit{Proceedings of the HPSG'01 Conference.} 221-234.

Lin, V. 2002. \textit{Coordination and Sharing at the Interfaces}. Th\`ese de doctorat. MIT.

Lobeck, A. 1995. \textit{Ellipsis. Functional Heads, Licensing and Identification}. Oxford University Press.

Longacre, R. 2007. Sentences as combinations of clauses. In T. Shopen (ed.), \textit{Language Typology and Syntactic Description.} 2\textsuperscript{\`eme} volume : \textit{Complex Constructions}. Cambridge University Press. 372-420. 

L\'opez, L. \ & S. Winkler 2003. Variation at the syntax-semantics interface : Evidence from gapping. In K. Schwabe \ & S. Winkler (eds.), \textit{The Interfaces : Deriving and Interpreting Omitted Structures}. Amsterdam : John Benjamins. 227-248.

Ludlow, P. 2005. A note on alleged cases of non-sentential speech. In R. Eluguardo \ & R. Stainton (eds.), \textit{Non-sentential speech}. Dordrecht : Kluwer.

Maekawa, T. 2007. \textit{The English Left Periphery in Linearisation-based HPSG}. Th\`ese de doctorat. University of Essex.

Maling, J. 1972. On gapping and the order of constituents. \textit{Linguistic Inquiry} 3(1), 101-108.

Mallinson, G. \ & B. Blake 1981. \textit{Language typology}. Amsterdam : North Holland.

Mann, W. \ & S. Thompson 1988. Rhetorical Structure Theory : Toward a functional theory of text organization. \textit{Text} 8(3), 243-281.

Manus, S. \ & C. Patin 2011. Gapping in Bantu. Pr\'esentation \`a la conf\'erence internationale \textit{Topics in the typology of elliptical constructions}. Paris, juin 2011. 

Marandin, J.-M. 1999. Grammaire de l'incidence. Manuscrit. Universit\'e Paris 7.

Marandin, J.-M. 2003. Inversion du sujet et structure de l'information dans les langues romanes. In D. Godard (ed.), \textit{Langues romanes. Probl\`emes de la phrase simple}. Paris : CNRS Editions.

Marandin, J.-M. 2008. The Exclamative Clause Type in French. In S. M\"uller (ed.), \textit{Proceedings of the HPSG'08 Conference}. Stanford : CSLI Publications. 436-456.

Marandin, J.-M. \textit{en pr\'ep}. Types phrastiques. In A. Abeill\'e, A. Delaveau \ & D. Godard (eds.), \textit{Grande Grammaire du fran\c{c}ais}. Paris : Bayard.

Matos, G. \ & A. Brito 2008. Comparative clauses and cross-linguistic variation : a syntactic approach. In O. Bonami \ & P. Cabredo-Hofherr (eds.), \textit{Empirical Issues in Syntax and Semantics 7}. 307-329.

Matthiessen, C. \ & S. Thompson 1988. The structure of discourse and `subordination'. In J. Haiman \ & S. Thompson (eds.), \textit{Clause combining in grammar and discourse}. Amsterdam : John Benjamins. 275-329.\textit{} 

Mauri, C. 2008. \textit{Coordination Relations in the Languages of Europe and Beyond} [Empirical Approaches to Language Typology 42]. In G. Bossong, B. Comrie \ & Y. Matras (eds.). Mouton de Gruyter. 

Maxwell, J. \ & C. Manning 1996. A theory of non-constituent coordination based on finite-state rules. In M. Butt \ & T. Holloway King (eds.), \textit{Proceedings of the LFG'96 Conference.} Stanford : CSLI Publications.

McCawley, J. 1988. \textit{The Syntactic Phenomena of English}. 2\textsuperscript{\`eme} \'edition. Chicago University Press.

McCawley, J. 1993. Gapping with shared operators. \textit{Berkeley Linguistics Society : Proceedings of the Annual Meeting} 19(1), 245-253.

McNally, L. 1993. Commitative Coordination : A Case Study in Group Formation. \textit{Natural Language and Linguistic Theory} 11, 347-379.

McShane, M. 2005. \textit{A Theory of Ellipsis}. Oxford University Press.

Melis, L. 2001. La pr\'eposition est-elle toujours la t\^ete d'un groupe pr\'epositionnel ? \textit{Travaux de linguistique} 42-43, 11-22.

Merchant, J. 2001. \textit{The syntax of silence : Sluicing, islands, and the theory of ellipsis}. Oxford University Press.

Merchant, J. 2004. Fragments and ellipsis. \textit{Linguistics and Philosophy} 27(6), 661-738.

Merchant, J. 2006. Sluicing. In M. Everaert \ & H. van Riemsdijk (eds.), \textit{The Syntax Companion}. London : Blackwell. 269-289.

Merchant, J. 2008a. An asymmetry in voice mismatches in VP-ellipsis and pseudogapping\textit{.} \textit{Linguistic Inquiry} 39(1), 169-179.

Merchant, J. 2008b. Variable island repair under ellipsis. In K. Johnson (ed.), \textit{Topics in ellipsis}. Cambridge University Press. 132-153. 

Merchant, J. 2009. Ellipsis. In A. Alexiadou, T. Kiss \ & M. Butt (eds.), \textit{Handbook of Contemporary Syntax}. 2\textsuperscript{\`eme} \'edition. Berlin : Walter de Gruyter. 

Merchant, J. 2010. Three kinds of ellipsis. In F. Recanati, I. Stojanovic \ & N. Villanueva (eds.), \textit{Context-Dependence, Perspective, and Relativity}. Mouton de Gruyter.

Merchant, J. 2011a. Diagnosing ellipsis. In L. Cheng \ & N. Corver (eds.), \textit{Diagnosing syntax}. Oxford University Press. 

Merchant, J. 2011b. Derivational and non derivational approaches to gender mismatches in Greek NPE. Pr\'esentation \`a la conf\'erence internationale \textit{Topics in the typology of elliptical constructions}. Paris, juin 2011.

Miller, P. \ & P. Monachesi 2003. Les pronoms clitiques dans les langues romanes. In D. Godard (ed.),\textit{ Les langues romanes}.\textit{ Probl\`emes de la phrase simple.} Paris : CNRS Editions. 67-123. 

Miller, P. \ & I.A. Sag 1997. French clitic movement without clitics or movement. \textit{Natural Language and Linguistic Theory} 15, 573-639.

Moln\'ar, V. 1998. Topic in Focus. \textit{Acta Linguistica Hungarica} 45, 89-166.

Moln\'ar, V. \ & S. Winkler 2010. Edges and gaps : the role of contrast in the theory of grammar. \textit{Lingua} 120, 1392-1415.

Moltmann, F. 1992. \textit{Coordination and Comparatives}. Th\`ese de doctorat. MIT.

Monachesi, P. 1998. The morphosyntax of Romanian cliticization. In P. Coppen, H. Van Halteren \ & L. Tennissen (eds.), \textit{Proceedings of Computational Linguistics in The Netherlands 1997}. Amsterdam-Atlanta : Rodopi. 99-118.

Monachesi, P. 1999. The syntactic structure of Romanian auxiliary (and modal) verbs. In G. Bouma, E. Hinrichs, G.-J. Kruijff \ & R. Oehrle\textit{} (eds.), \textit{Constraints and Ressources in Natural Language Syntax and Semantics}. Stanford : CSLI Publications. 99-115.

Monachesi, P. 2000. Clitic placement in the Romanian verbal complex. In B. Gerlach \ & J. Grijzenhout (eds.), \textit{Clitics in Phonology, Morphology and Syntax}. Amsterdam : John Benjamins. 255-293.

Monachesi, P. 2005. \textit{The verbal complex in Romance : a case study in grammatical interfaces}. Oxford University Press.

Moosally, M. 1998. \textit{Noun Phrase Coordination : Ndebele Agreement Patterns and Cross-Linguistic Variation}. Th\`ese de doctorat. University of Texas at Austin.

Moosally, M. 1999. Subject and object coordination in Ndebele : an HPSG analysis. In S. Bird, A. Carnie, J. Haugen \ & P. Norquest (eds.), \textit{Proceedings of the WCCFL 18 Conference}. Somerville : Cascadilla Press. 

Morgan, J. 1972. Verb agreement as a rule of English. \textit{Chicago Linguistic Society} 8, 278-286.

Mouret, F. 2006. A Phrase Structure Approach to Argument Cluster Coordination. In S. M\"uller (ed.), \textit{Proceedings of the HPSG'06 Conference}. Stanford : CSLI Publications. 247-267.

Mouret, F. 2007. \textit{Grammaire des constructions coordonn\'ees. Coordinations simples et coordinations \`a redoublement en fran\c{c}ais contemporain}. Th\`ese de doctorat. Universit\'e Paris 7.

Mouret, F. 2008. Les coordinations de termes dissemblables sont-elles elliptiques ? \textit{Actes du 1}\textit{\textsuperscript{er}}\textit{ Congr\`es Mondial de Linguistique Fran\c{c}aise} (CMLF 2008).

Mouret, F. 2011. Deux types de constructions absolues dans la \textit{Jalousie} de Robbe- Grillet. \textit{L'information grammaticale} 128.

Mouret, F. \textit{\`a para\^itre}. Sur la notion de connecteur corr\'elatif. In O. Inkova \textit{et al.} (eds.), \textit{La corr\'elation}. 

Mouret, F. \ & A. Abeill\'e 2011. On the Rule of Right Node Raising in French. Pr\'esentation \`a la conf\'erence internationale \textit{Topics in the typology of elliptical constructions}. Paris, juin 2011.

Mouret, F. \ & M. Desmets 2008. Analogie et coordination en \textit{comme}. \textit{Linx} 58, 75-96.

Munn, A. 1993. \textit{Topics in the syntax and semantics of coordinate structures}. Th\`ese de doctorat. University of Maryland.

Munn, A. 2000. Three Types of Coordination Asymmetries. In K. Schwabe \ & N. Zhang (eds.), \textit{Ellipsis in Conjunction}. T\"ubingen : Niemeyer. 1-22. 

Nedelcu, I. 2007. \textit{Categoria partitivului \^in limba rom\^an\u{a}}. Th\`ese de doctorat. Universit\'e de Bucarest.

Neijt, A. 1979. \textit{Gapping : A Contribution to Sentence Grammar}. Dordrecht : Foris.

Niculescu, A. 1965. \textit{Individualitatea limbii rom\^ane \^intre limbile romanice. Contribu\c{t}ii gramaticale}. Editura \c{S}tiin\c{t}ific\u{a} Bucure\c{s}ti. 

Noailly, M. 1986. La coordination commence \`a trois. \textit{Mod\`eles linguistiques} VIII(2), 83-94. Presses universitaires de Lille.

Oehrle, R. 1987. Boolean properties in the analysis of gapping. In G. Huck \ & A. Ojeda (eds.), \textit{Syntax and Semantics 20 : Discontinuous Constituency}. San Diego : Academic Press. 201-240.

Osborne, T. 2006. Gapping vs. non-gapping coordination. \textit{Linguistische Berichte} 207, 307-337.

Pan\u{a} Dindelegan, G. 2003. \textit{Elemente de gramatic\u{a}. Dificult\u{a}\c{t}i, controverse \c{s}i noi interpret\u{a}ri}. Bucure\c{s}ti : Humanitas.

Panhuis, D. 1979. Gapping in Latin. \textit{The Classical Journal} 75, 229-241.

Paritong, M. 1992. Constituent coordination in HPSG. In G. G\"orz (ed.), \textit{Proceedings of KONVENS'92}. Berlin : Springer. 228-237.

Partee, B. \ & M. Rooth 1983. Generalized conjunction and type ambiguity. In R. Bauerle, C. Schwarze \ & A. von Stechow (eds.), \textit{Meaning, use and interpretation of Language}. Berlin : Walter de Gruyter. 361-383.

Paul, W. 1999. Verb gapping in Chinese : a case of verb raising. \textit{Lingua} 107, 207-226.

Peterson, P. 2004a. Coordination : consequences of a lexical-functional account. \textit{Natural Language and Linguistic Theory} 22(3), 643-679.

Peterson, P. 2004b. Non-Restrictive Relatives and Other Non-Syntagmatic Relations in an LF Framework. In M. Butt \ & T.H. King (eds.), \textit{Proceedings of LFG'04}. Stanford : CSLI Publications. 391-397.

Peterson, P. 2007. Speakers' Choice : Number and Case `Agreement' in Coordination. In A. Zaenen, J. Simpson, T.H. King, J. Grimshaw, J. Maling \ & C. Manning (eds.), \textit{Architectures, rules, and preferences : variations on themes by Joan W. Bresnan}. Stanford : CSLI Publications. 277-291.

Petrone, C. 2008. \textit{From targets to tunes : Nuclear and prenuclear contribution in the identification of intonation contours in Italian}. Th\`ese de doctorat. Universit\'e de Provence.

Piot, M. 1988. Coordination -- subordination : une d\'efinition g\'en\'erale. \textit{Langue fran\c{c}aise} 77, 5-18.

Piot, M. 1993. Les connecteurs du fran\c{c}ais. \textit{Lingvistic}\textit{{\ae}}\textit{ Investigationes} 17(1), 141-160.

Piot, M. 2000. Les conjonctions doubles. Coordination -- subordination. \textit{Lingvistic}\textit{{\ae}}\textit{ Investigationes} 23(1), 45-76.

Piscone, L. 2009. Coordination de phrases de types diff\'erents. M\'emoire de master. Universit\'e Paris 7.

Pollard, C. \ & I.A. Sag 1994. \textit{Head-driven Phrase Structure Grammar}. Chicago University Press \ & Stanford : CSLI Publications.

Pollock, J.-Y. 1989. Verb movement, Universal Grammar, and the structure of IP. \textit{Linguistic Inquiry} 20(3), 365-424.

Postal, P. 1974. \textit{On Raising : one rule of English grammar and its theoretical implications}. Cambridge : MIT Press.

Postal, P. 1993. The Status of the Coordinate Structure Constraint. Manuscrit. New York University.

Potts, C. 2005. \textit{The Logic of Conventional Implicatures}. Oxford University Press.

Potts, C. \textit{\`a para\^itre}. Conventional implicature and expressive content. In C. Maienborn, K. von Heusinger \ & P. Portner (eds.), \textit{Semantics : An International Handbook of Natural Language Meaning}. Mouton de Gruyter.  

Prince, E. 1986. On the Syntactic Marking of Presupposed Open Propositions. \textit{Chicago Linguistic Society} 22(2), 208-222.\textit{} 

Pullum, G. \ & B. Scholz 2001. On the distinction between model-theoretic and generative-enumerative syntactic frameworks. In P. de Groote, G. Morill \ & C. Retor\'e (eds.), \textit{Logical Aspects of Computational Linguistics : 4th International Conference}. Berlin : Springer Verlag. 17-43.

Pullum, G. \ & A. Zwicky 1986. Phonological resolution of syntactic feature conflicts. \textit{Language} 62, 751-773.

Pulte, W. 1971. Gapping and word order in Quechua. \textit{Chicago Linguistic Society} 7, 193-197.

Pulte, W. 1973. A Note on Gapping. \textit{Linguistic Inquiry} 4(1), 100-101.

Quirk, R., Greenbaum, S., Leech, G. \ & J. Svartvik 1985. \textit{A Comprehensive Grammar of the English Language}. London : Longman.

Ramat, P. 1987. \textit{Linguistic Typology}. Mouton de Gruyter.

Reape, M. 1994. Domain union and word order variation in German. In J. Nerbonne, K. Netter \ & C. Pollard (eds.), \textit{German in Head-driven Phrase Structure Grammar}. Stanford : CSLI Publications. 151-198.

Rebuschi, G. 2005. Generalizing the Antisymmetric Analysis of Coordination to Nominal Modification. \textit{Lingua} 115(4), 445-459.

Reich, I. 2006. Toward a Uniform Analysis of Short Answers and Gapping. In P. Denis \textit{et al.} (eds.), \textit{Proceedings of the 2004 Texas Linguistics Society Conference}. MA : Cascadilla Proceedings Project. 69-78.

Reich, I. \textit{\`a para\^itre}. Ellipsis. In K. von Heusinger, C. Maienborn \ & P. Portner (eds.), \textit{Handbook of semantics}. Mouton de Gruyter.

Repp, S. 2009. \textit{Negation in Gapping}. Oxford University Press.

Repp, S. 2010. Defining `contrast' as an information-structural notion in grammar. \textit{Lingua} 120, 1333-1345.

Riegel, M., Pellat, J.-C. \ & R. Rioul 1994. \textit{Grammaire m\'ethodique du fran\c{c}ais}. Paris : Presses Universitaires de France.

Rooth, M. 1992. A theory of focus interpretation. \textit{Natural Language Semantics} 1, 75-116.

Rooth, M. 1996. Focus. In S. Lappin (ed.), \textit{Handbook of Contemporary Semantic Theory}. Oxford : Blackwell. 271-297.

Rosenbaum, H. 1977. Zapotec Gapping as Counter-evidence to Some Universal Proposals. \textit{Linguistic Inquiry} 8(2), 379-395.

Ross, J.R. 1967. \textit{Constraints on Variables in Syntax}. Th\`ese de doctorat. Indiana University. 

Ross, J.R. 1969. Guess who ? \textit{Chicago Linguistic Society} 5, 252-286.

Ross, J.R. 1970. Gapping and the Order of Constituents. In M. Bierwisch \ & K. Heidolph (eds.), \textit{Progress in Linguistics}. La Haye : Mouton. 249-259. 

Rothstein, S. 2004. \textit{Structuring Events : A Study in the Semantics of Lexical Aspect}. Oxford : Blackwell.

Roussarie, L. \textit{en pr\'ep}. Les adverbes associatifs. In A. Abeill\'e, A. Delaveau \ & D. Godard (eds.), \textit{Grande Grammaire du fran\c{c}ais}. Paris : Bayard.

Ruixi Ressy, A. 2008. \textit{Elliptical predicate constructions in Mandarin}. M\"unchen : Lincom Europa.

Sabbagh, J. 2007. Ordering and linearizing rightward movement. \textit{Natural Language and Linguistic Theory} 25(2), 349-401.

Sadler, L. 2003. Coordination and asymmetric agreement in Welsh. In M. Butt \ & T.H. King (eds.), \textit{Nominals : Inside and Out}. Stanford : CSLI Publications. 85-118.

S{\ae}b{\o}, K.J. 2004. Conversational contrast and conventional parallel : Topic implicatures and additive presuppositions. \textit{Journal of Semantics} 21(2), 199-217.

Sag, I.A. 1976. \textit{Deletion and Logical Form}. Th\`ese de doctorat. MIT.

Sag, I.A. 1980. \textit{Deletion and Logical Form.} New York : Garland.

Sag, I.A. 1997. English relative clause constructions. \textit{Journal of Linguistics} 33(2), 431-483. 

Sag, I.A. 2003. Coordination and Underspecification. In J.-B. Kim \ & S. Wechsler (eds.), \textit{Proceedings of the HPSG'02 Conference}. Stanford : CSLI Publications. 267-291.  

Sag, I.A. 2005. La coordination et l'identit\'e syntaxique des termes. \textit{Langages} 160, 110-127.

Sag, I.A. \textit{\`a para\^itre}. Sign-Based Construction Grammar : An informal synopsis. In. H. Boas \ & I.A. Sag (eds.), \textit{Sign-Based Construction Grammar}. Stanford : CSLI Publications.

Sag, I.A., Gazdar, G., Wasow, T. \ & S. Weisler 1985. Coordination and how to distinguish categories. \textit{Natural Language and Linguistic Theory} 3, 117-171.

Sag, I.A. \ & J. Hankamer 1984. Toward a theory of anaphoric processing. \textit{Linguistics and Philosophy} 7, 325-345.

Sag, I.A., Wasow, T. \ & E. Bender 2003. \textit{Syntactic Theory, a formal introduction}. Stanford : CSLI Publications.

Sanders, G. 1977. A functional typology of elliptical coordinations. In F. Eckman (ed.), \textit{Current themes in linguistics : Bilingualism, experimental linguistics, and language typologies}. Washington D.C. : Hemisphere. 241-270.

Schlangen, D. 2003. \textit{A coherence-based approach to the interpretation of non-sentential utterances in dialogue}. Th\`ese de doctorat. University of Edinburgh.

Schmerling, S. 1972. Apparent counterexamples to the Coordinate Structure Constraint. \textit{Studies in the Linguistic Sciences} 2, 91-104.

Schmerling, S. 1975. Asymmetric Conjunction and Rules of Conversation. In P. Cole \ & J.L. Morgan (eds.), \textit{Syntax and Semantics}. 3\textsuperscript{\`eme} volume. New York : Academic Press. 211-231.

Schwabe, K. 2000. Coordinate Ellipsis and Information Structure. In K. Schwabe \ & N. Zhang (eds.), \textit{Ellipsis in Conjunction}. T\"ubingen : Niemeyer. 247-269.

Schwabe, K. \ & S. Winkler 2003. Exploring the Interfaces from the Perspective of Omitted Structures. In K. Schwabe \ & S. Winkler (eds.), \textit{The Interfaces : Deriving and Interpreting Omitted Structures}. Amsterdam : John Benjamins. 1-26.

Schwarz, B. 2000. \textit{Topics in Ellipsis}. Th\`ese de doctorat. University of Massachusetts, Amherst.

Sells, P. 1984. \textit{Syntax and semantics of resumptive pronouns}. Th\`ese de doctorat. University of Massachusetts, Amherst. 

Shieber, S., Pereira, F. \ & M. Dalrymple 1996. Interactions of scope and ellipsis. \textit{Linguistics and Philosophy} 19(5), 527-552.

Shopen, T. 1972. \textit{A generative theory of ellipsis : A consideration of the~linguistic use of silence}. Th\`ese de doctorat. University of California, Los Angeles.

Siegel, M. 1984. Gapping and Interpretation. \textit{Linguistic Inquiry} 15(3), 523-530.

Siegel, M. 1987. Compositionality, case, and the scope of auxiliaries. \textit{Linguistics and Philosophy} 10, 53-76.

Skrabalova, H. 2004. \textit{Recherches sur la syntaxe et la s\'emantique des expressions coordonn\'ees avec application particuli\`ere \`a la coordination nominale en tch\`eque}. Th\`ese de doctorat. Universit\'e Paris 3.

Soames, S. \ & D.M. Perlmutter 1979. \textit{Syntactic Argumentation and the Structure of English}. University of California Press : Berkeley, Los Angeles, London.

Stainton, R. 2006. \textit{Words and thoughts : Subsentences, ellipsis, and the philosophy of language}. Oxford University Press.

Steedman, M. 1990. Gapping as Constituent Coordination. \textit{Linguistics and Philosophy} 13, 207-263.

Steedman, M. 2000. \textit{The syntactic process}. Cambridge : MIT Press.

Steriade, D. 1980. Clitic Doubling in the Romanian Wh-Constructions and the Analysis of Topicalization. \textit{Chicago Linguistic Society} 16, 282-297.

Stillings, J.T. 1975. The Formulation of Gapping in English as Evidence for Variable Types in Syntactic Transformations. \textit{Linguistic Analysis} 1(3), 247-273.

Stump, G. 1978. Interpretive Gapping in Montague Grammar. \textit{Linguistics Faculty Publications.} Papier 51. University of Kentucky.

Tang, S.-W. 2001. The (Non-)Existence of Gapping in Chinese and its Implications for the Theory of Gapping. \textit{Journal of East Asian Linguistics} 10, 201-224.

Tassin, G. 1998. L'ellipse dans la construction \`a Gapping. M\'emoire de master. Universit\'e de Paris X Nanterre.

Toosarvandani, M. 2011. Adversative \textit{but} and the proper treatment of gapping. Pr\'esentation \`a \textit{LSA Annual Meeting}. Pittsburgh.

Tran, T.C. 1999. \textit{Gapping in Spanish : A Minimalist Account}. Th\`ese de doctorat. University of California, Los Angeles.

Trawi\'nski, B. 2005. Plural Commitative Constructions in Polish. In S. M\"uller (ed.), \textit{Proceedings of the HPSG'05 Conference}. Stanford: CSLI Publications. 375-395.

Tseng, J. 2002. Remarks on Marking. In F. Van Eynde, L. Hellan \ & D. Beermann (eds.), \textit{Proceedings of the HPSG'01 Conference}. Stanford : CSLI Publications. 267-283. 

Txurruka, G. 2000. The Semantics of \textit{and} in Discourse. Technical Report ILCLI. Universit\'e du Pays Basque.

Umbach, C. 2005. Contrast and information structure : A focus-based analysis of \textit{but}. \textit{Linguistics} 43(1), 207-232. 

Vainikka, A.M. \ & Y. Levy 1999. Empty subjects in Finnish and Hebrew. \textit{Natural Language and Linguistic Theory} 17, 613-671.

Vallduv\'i, E. \ & M. Vilkuna 1998. On rheme and kontrast. In P. Culicover \ & L. McNally (eds.), \textit{The limits of syntax}. New York : Academic Press. 79-108.

Van Eynde, F. 2003. On the Notion `Determiner'. In S. M\"uller (ed.), \textit{Proceedings of the HPSG'03 Conference}. Stanford : CSLI Publications. 391-396.

Van Eynde, F. 2006. NP-internal agreemnet and the structure of the noun phrase. \textit{Journal of Linguistics} 42(1), 139-186.

Van Eynde, F. 2007. The Big Mess Construction. In S. M\"uller (ed.), \textit{Proceedings of the HPSG'07 Conference}. Stanford : CSLI Publications. 415-433. 

van Oirsouw, R. 1987. \textit{The Syntax of coordination.} London -- New York : Routledge.

Van Peteghem, M. 2002. Les diff\'erentes interpr\'etations de \textit{pareil} ou comment un adjectif relationnel devient un marqueur anaphorique. \textit{Langue fran\c{c}aise} 136, 60-72.

van Riemsdijk, H. 2006. Grafts follow from Merge. In M. Frascarelli (ed.), \textit{Phases of Interpretation} [Studies in Generative Grammar 91]. 17-44.

Van Valin, R. 1984. A typology of syntactic relations in clause linkage. \textit{Berkeley Linguistics Society : Proceedings of the Annual Meeting} 10, 542-558.

Van Valin, R. 2005. \textit{Exploring the syntax-semantic interface}. Cambridge University Press.

Velde, J. te 2000. On the structure of coordination. In K. Schwabe \ & N. Zhang (eds.), \textit{Ellipsis in Conjunction} [Linguistische Arbeiten 418]. T\"ubingen : Niemeyer. 51-78.

Verstraete, J.-C. 2005. Two types of coordination in clause combining. \textit{Lingua} 115, 611-626.

Vicente, L. 2010. A Note on the Movement Analysis of Gapping. \textit{Linguistic Inquiry} 41(3), 509-517.

Villavicencio, A., Sadler, L. \ & D. Arnold 2005. An HPSG Account of Closest Conjunct Agreement in Np Coordination in Portuguese. In S. M\"uller (ed.), \textit{Proceedings of the HPSG'05 Conference}. Stanford: CSLI Publications. 427-447.

Wasow, T. 1972. \textit{Anaphoric relations in English}. Th\`ese de doctorat. MIT.

Wilder, C. 1994. Coordination, ATB and Ellipsis. In J.-W. Zwart (ed.), \textit{Minimalism and Kayne's Antisymmetry Hypothesis}. Gr\"oningen. 291-331.

Wilder, C. 1997. Some properties of ellipsis in coordination. In A. Alexiadou \ & T. Hall (eds.), \textit{Studies in Universal Grammar and Typological Variation.} Amsterdam : John Benjamins. 59-107.

Williams, E. 1977. Discourse and Logical Form. \textit{Linguistic Inquiry} 8(1), 101-139.

Williams, E. 1997. Blocking and anaphora. \textit{Linguistic Inquiry} 28(4), 577-628.

Winkler, S. 2000. Silent Copy and Polarity Focus in VP Ellipsis. In K. Schwabe \ & N. Zhang (eds.), \textit{Ellipsis in Conjunction}. T\"ubingen : Niemeyer. 221-246.

Winkler, S. 2005. \textit{Ellipsis and Focus in Generative Grammar} [Studies in Generative Grammar 81]. Mouton de Gruyter.

Winkler, S. 2006. Ellipsis. In K. Brown (ed.), \textit{The Encyclopedia of Language and Linguistics}. 2\textsuperscript{\`eme} \'edition. Oxford : Elsevier. 109-113.

Winkler, S. \ & K. Schwabe 2003. Exploring the interfaces from the perspective of omitted structures. In S. Winkler \ & K. Schwabe (eds.), \textit{The interfaces : Deriving and interpreting omitted structures}. Amsterdam : John Benjamins. 1-26.\textit{} 

Winterstein, G. 2010. \textit{La dimension probabiliste des marqueurs de discours. Nouvelles perspectives sur l'argumentation dans la langue}. Th\`ese de doctorat. Universit\'e Paris 7. 

Yatabe, S. 2001. The syntax and semantics of left-node raising in Japanese. In D. Flickinger \ & A. Kathol (eds.), \textit{Proceedings of the HPSG'00 Conference.} Stanford : CSLI Publications. 325-344.

Yatabe, S. 2003. A Linearization-Based Theory of Summative Agreement in Peripheral-Node Raising Constructions. In J.-B. Kim \ & S. Wechsler (eds.), \textit{Proceedings of the HPSG'02 Conference}. Stanford : CSLI Publications. 391-411.

Yatabe, S. 2004. A Comprehensive Theory of Coordination of Unlikes. In S. M\"uller (ed.), \textit{Proceedings of the HPSG'04 Conference}. Stanford: CSLI Publications. 335-355.

Yosuke, S. 2009. Coordination, Dependency, and Gapping in Japanese at the Interfaces. In H. Maezawa \ & A. Yokogoshi (eds.), \textit{Proceedings of the 6th Workshop on Altaic Formal Linguistics (WAFL6)}. MIT Working Papers in Linguistics 61\textit{.} 

Yuasa, E. \ & J. Sadock 2002. Pseudo-Subordination : A Mismatch between Syntax and Semantics. \textit{Journal of Linguistics} 38(1), 87-111.

Zafiu, R. 2001. \textit{Diversitate stilistic\u{a} \^in rom\^ana actual\u{a}}. Editura Universit\u{a}\c{t}ii din Bucure\c{s}ti. 

Zafiu, R. 2005. Conjunc\c{t}iile adversative din limba rom\^an\u{a} : tipologie \c{s}i niveluri de inciden\c{t}\u{a}. In G. Pan\u{a} Dindelegan (ed.), \textit{Limba rom\^an\u{a} -- structur\u{a} \c{s}i func\c{t}ionare. Actele celui de-al 4-lea Colocviu al Catedrei de Limba Rom\^an\u{a}}. Editura Universit\u{a}\c{t}ii din Bucure\c{s}ti. 243-258.

Zeevat, H. 2004. Contrastors. \textit{Journal of Semantics} 21, 95-112.

Zhang, N. 2000. On Chinese Verbless Constructions. In K. Schwabe \ & N. Zhang (eds.), \textit{Ellipsis in Conjunction}. T\"ubingen : Niemeyer. 157-177. 

Zoerner, E. \ & B. Agbayani 2000. Unifying Left-Peripheral Deletion, Gapping and Pseudogapping. \textit{Chicago Linguistic Society} 36, 549-561.

Zribi-Hertz, A. 1986. \textit{Relations anaphoriques en fran\c{c}ais}. Th\`ese de doctorat. Universit\'e Paris 8.

Zribi-Hertz, A. 1996. \textit{L'anaphore et les pronoms. Une introduction \`a la syntaxe g\'en\'erative.} Presses Universitaires du Septentrion.

Zwart, J.-W. 2005. Some notes on coordination in head-final languages. In J. Doetjes \ & J. van de Weijer (eds.), \textit{Linguistics in the Netherlands} \textit{2005}. Amsterdam : John Benjamins. 232-241.

Zwicky, A. 1977. \textit{On clitics}. Indiana University Linguistics Club.

