%% This BibTeX bibliography file was created using BibDesk.
%% http://bibdesk.sourceforge.net/


%% Created for me at 2014-03-06 14:34:35 +0100 


%% Saved with string encoding Unicode (UTF-8) 



@book{dixon2010a,
	Abstract = {Vol 1: Methodology, xvi, 381 pp. Vol 2: Grammatical topics, xvii,
	489 pp. 
	
	Described by the publisher, Oxford University Press as follows: 'Basic
	Linguistic Theory is the triumphant outcome of a lifetime's thinking
	about every manifestation of language and linguistic fieldwork. It
	is a one-stop text for undergraduate and graduate students of linguistics,,
	as well as for those in neighbouring disciplines sch as psychology
	and anthropology.' 
	
	N. J. Enfield, Max Plank Institute for Psycholinguistics, Nijmegen:
	'Destined to be a modern classic.' 
	
	Lise M. Dobrin, University of Virginia: 'A refreshingly common-sense
	approach to linguistic analysis.' 
	
	Martin Haspelemath, Max Plank Institute for Evolutionary Anthropology,
	Leipzig: 'A monumental achievement. Virtually without precedent in
	the field of linguistics'. 
	
	Contents of Volume 1 --- Methodology 1 Basics 1 2 Principles to follow
	77 3 Grammar overview 127 4 Analysis, argumentation and explanation
	245 5 Terminology 287 6 Doing typology 325 7 Phonology 354 8 Lexicon
	388 9 Field linguistics 415 
	
	Contents of Volume 2 --- Grammatical topics 10 Grammatical word and
	phonological word 1 11 Distinguishing noun and verb 51 12 The adjective
	class 85 13 Transitivity 156 14 Copula clauses and verbless clauses
	215 15 Pronouns and demonstratives 253 16 Possession 348 17 Relative
	clause constructions 409 18 Complement clauses and complementation
	strategies 483 },
	Address = {Oxford},
	Author = {Dixon, Robert M. W.},
	Call-Number = {MR},
	Date-Added = {2014-03-06 13:03:00 +0000},
	Date-Modified = {2014-03-06 13:34:35 +0000},
	Keywords = {Typology;textbook;Documentary linguistics;Grammaticography;Descriptive linguistics},
	Publisher = {Oxford University Press},
	Title = {Basic linguistic theory},
	Volumes = {2},
	Year = {2010}}

@book{dixon2010a2,
	Abstract = {Vol 1: Methodology, xvi, 381 pp. Vol 2: Grammatical topics, xvii,
	489 pp. 
	
	Described by the publisher, Oxford University Press as follows: 'Basic
	Linguistic Theory is the triumphant outcome of a lifetime's thinking
	about every manifestation of language and linguistic fieldwork. It
	is a one-stop text for undergraduate and graduate students of linguistics,,
	as well as for those in neighbouring disciplines sch as psychology
	and anthropology.' 
	
	N. J. Enfield, Max Plank Institute for Psycholinguistics, Nijmegen:
	'Destined to be a modern classic.' 
	
	Lise M. Dobrin, University of Virginia: 'A refreshingly common-sense
	approach to linguistic analysis.' 
	
	Martin Haspelemath, Max Plank Institute for Evolutionary Anthropology,
	Leipzig: 'A monumental achievement. Virtually without precedent in
	the field of linguistics'. 
	
	Contents of Volume 1 --- Methodology 1 Basics 1 2 Principles to follow
	77 3 Grammar overview 127 4 Analysis, argumentation and explanation
	245 5 Terminology 287 6 Doing typology 325 7 Phonology 354 8 Lexicon
	388 9 Field linguistics 415 
	
	Contents of Volume 2 --- Grammatical topics 10 Grammatical word and
	phonological word 1 11 Distinguishing noun and verb 51 12 The adjective
	class 85 13 Transitivity 156 14 Copula clauses and verbless clauses
	215 15 Pronouns and demonstratives 253 16 Possession 348 17 Relative
	clause constructions 409 18 Complement clauses and complementation
	strategies 483 },
	Author = {Dixon, Robert M. W.},
	Booktitle = {Methodology},
	Call-Number = {MR},
	Date-Added = {2014-03-06 13:01:21 +0000},
	Date-Modified = {2014-03-06 13:01:26 +0000},
	Keywords = {Typology;textbook;Documentary linguistics;Grammaticography;Descriptive linguistics},
	Location = {Oxford},
	Maintitle = {Basic linguistic theory},
	Publisher = {Oxford University Press},
	Title = {Grammatical topics},
	Volume = {2},
	Year = {2010}}

@book{dixon2010a1,
	Abstract = {Vol 1: Methodology, xvi, 381 pp. Vol 2: Grammatical topics, xvii,
	489 pp. 
	
	Described by the publisher, Oxford University Press as follows: 'Basic
	Linguistic Theory is the triumphant outcome of a lifetime's thinking
	about every manifestation of language and linguistic fieldwork. It
	is a one-stop text for undergraduate and graduate students of linguistics,,
	as well as for those in neighbouring disciplines sch as psychology
	and anthropology.' 
	
	N. J. Enfield, Max Plank Institute for Psycholinguistics, Nijmegen:
	'Destined to be a modern classic.' 
	
	Lise M. Dobrin, University of Virginia: 'A refreshingly common-sense
	approach to linguistic analysis.' 
	
	Martin Haspelemath, Max Plank Institute for Evolutionary Anthropology,
	Leipzig: 'A monumental achievement. Virtually without precedent in
	the field of linguistics'. 
	
	Contents of Volume 1 --- Methodology 1 Basics 1 2 Principles to follow
	77 3 Grammar overview 127 4 Analysis, argumentation and explanation
	245 5 Terminology 287 6 Doing typology 325 7 Phonology 354 8 Lexicon
	388 9 Field linguistics 415 
	
	Contents of Volume 2 --- Grammatical topics 10 Grammatical word and
	phonological word 1 11 Distinguishing noun and verb 51 12 The adjective
	class 85 13 Transitivity 156 14 Copula clauses and verbless clauses
	215 15 Pronouns and demonstratives 253 16 Possession 348 17 Relative
	clause constructions 409 18 Complement clauses and complementation
	strategies 483 },
	Author = {Dixon, Robert M. W.},
	Booktitle = {Methodology},
	Call-Number = {MR},
	Date-Added = {2014-03-06 13:00:49 +0000},
	Date-Modified = {2014-03-06 13:01:19 +0000},
	Keywords = {Typology;textbook;Documentary linguistics;Grammaticography;Descriptive linguistics},
	Location = {Oxford},
	Maintitle = {Basic linguistic theory},
	Publisher = {Oxford University Press},
	Title = {Methodology},
	Volume = {1},
	Year = {2010}}

@book{grundstroem1963a,
	Address = {Uppsala},
	Author = {Harald Grundstr{\"o}m and Sune Smedeby},
	Date-Added = {2013-07-09 11:19:02 +0000},
	Date-Modified = {2013-07-09 11:37:59 +0000},
	Keywords = {Pite, Jojk, Musicology},
	Language = {Swedish and German and Pite Saami},
	Note = {im deutschen Volksliedarchiv (aber nicht im Katalog!?)},
	Publisher = {Lundequistska bokhandeln},
	Series = {Skrifter utgivna genom Landsm{\aa}ls- och Folkminnesarkivet i Uppsala},
	Title = {Lapska s{\aa}nger: texter och melodier fr{\aa}n svenska Lappland (S{\aa}nger fr{\aa}n Arjeplog och Arvidsjaur)},
	Volume = {2},
	Year = {1963}}

@book{grundstroem1958a,
	Address = {Uppsala},
	Author = {Harald Grundstr{\"o}m and A. O. V{\"a}is{\"a}nen},
	Date-Added = {2013-07-09 11:13:43 +0000},
	Date-Modified = {2013-07-09 11:24:21 +0000},
	Keywords = {Pite, Jojk, Musicology},
	Language = {Swedish and German and Pite Saami},
	Note = {im deutschen Volksliedarchiv (aber nicht im Katalog!?)},
	Publisher = {Lundequistska bokhandeln},
	Series = {Skrifter utgivna genom Landsm{\aa}ls- och Folkminnesarkivet i Uppsala},
	Title = {Lapska s{\aa}nger: texter och melodier fr{\aa}n svenska Lappland (Jonas Eriksson Steggos s{\aa}nger)},
	Volume = {1},
	Year = {1958}}

@book{tiren1942a,
	Address = {Stockholm},
	Author = {Karl Tir{\'e}n},
	Date-Added = {2013-07-09 11:00:48 +0000},
	Date-Modified = {2013-07-09 11:35:27 +0000},
	Editor = {Ernst Manker},
	Keywords = {Pite, Jojk},
	Language = {German and Pite Saami},
	Note = {im deutschen Volksliedarchiv (Frei 99: AV 32800)},
	Number = {3},
	Publisher = {Nordiska museet},
	Series = {Acta Lapponica},
	Title = {Die lappische Volksmusik: Aufzeichnungen von Juoikos-Melodien bei den schwedischen Lappen},
	Year = {1942}}

@book{bylund1956,
	Author = {Erik Bylund},
	Call-Number = {Skan},
	Date-Added = {2013-07-01 09:48:57 +0000},
	Date-Modified = {2013-07-01 09:48:57 +0000},
	Keywords = {Saami,history},
	Location = {Uppsala},
	Notes = {Pite project},
	Publisher = {Uppsala universitet},
	Series = {Geographica},
	Title = {Kolonisering av Pite Lappmark t.o.m. {\aa}r 1867},
	Volume = {30},
	Year = {1956}}

@book{sjaggo2010a,
	Annotation = {purchased 22nd April 2010 at Silvermuseet in Arjeplog. No indication of publisher, date published (but it seems fairly recent and mentions Olavi Korhonen as professor emeritus) or ISBN.},
	Author = {Sjaggo, Ann-Charlotte},
	Call-Number = {MR,JW},
	Date-Added = {2013-07-01 09:43:57 +0000},
	Date-Modified = {2013-07-01 09:59:01 +0000},
	Keywords = {Pite,etymology,toponymy,Saamic linguistics,dictionary},
	Subtitle = {En ortnamnsguide f{\"o}r norra sidan Pite{\"a}lven i Arjeplogsfj{\"a}llen},
	Title = {Fr{\aa}n Sulid{\"a}lbm{\'a} till {\'A}hkk{\'a}b{\'a}ktte},
	Year = {2010}}

@incollection{wickman1964,
	Author = {Wickman, Bo},
	Booktitle = {Lapponica: essays presented to Israel Ruong, May 26, 1963},
	Date-Added = {2013-07-01 09:41:38 +0000},
	Date-Modified = {2013-07-01 09:41:38 +0000},
	Editor = {Furumark, Arne AND Lagercrantz, Sture AND Nesheim, Asbj{\o}rn AND Widengren, Geo},
	Keywords = {Saamic linguistics,Pite},
	Location = {Uppsala},
	Number = {XXI},
	Series = {Studia Ethnographica Uppsalensia},
	Title = {A Lappish tale from Arjeplog},
	Year = {1964}}

@book{stoor2007a,
	Address = {Ume{\aa}},
	Author = {Krister Stoor},
	Date-Added = {2013-07-01 09:41:18 +0000},
	Date-Modified = {2013-07-01 09:41:18 +0000},
	Keywords = {joik},
	Language = {swedish},
	Note = {official translation: "Yoik Tales: A Study of the Narrative Characteristics of Sami Yoik"},
	Publisher = {Ume{\aa} universitet},
	Series = {S{\'a}mi dutkan},
	Subtitle = {En studie av jojkens narrativa egenskaper},
	Title = {Juoiganmuitalusat - Jojkber{\"a}ttelser},
	Volume = {4},
	Year = {2007}}

@article{stenman1996a,
	Annotation = {Illustrationen,Notenbeispiele},
	Author = {Stenman, Inger},
	Date-Added = {2013-07-01 09:41:00 +0000},
	Date-Modified = {2013-07-01 10:01:03 +0000},
	Journaltitle = {Noterat},
	Keywords = {Saami,musicology,biography,Pite},
	Lid = {Frei 99: AVZ 1262 -2},
	Number = {2},
	Pages = {86--106},
	Subtitle = {Karl Tir{\'e}ns informant och 'nyckel' till jojkningens v{\"a}rld i 1910-talets S{\'a}pmi/Sameland},
	Title = {Maria Persson-Johansson fr{\aa}n Luokta-Mavas sameby},
	Year = {1996}}

@incollection{Wilbur2013,
	Address = {London},
	Author = {Joshua Wilbur},
	Booktitle = {Language Documentation and Description},
	Date-Added = {2013-03-20 09:45:11 +0000},
	Date-Modified = {2013-03-20 09:48:40 +0000},
	Editor = {Peter K. Austin and David Nathan},
	Keywords = {documentary linguistics},
	Language = {English},
	Pages = {?},
	Publisher = {Hans Rausing Endangered Languages Project},
	Title = {Language Documentation and Local Archiving},
	Volume = {12},
	Year = {forthcoming 2013}}

@article{CzaykowskaHiggins2009,
	Author = {Ewa Czaykowska-Higgins},
	Date-Added = {2013-03-12 08:26:10 +0000},
	Date-Modified = {2013-03-12 08:27:44 +0000},
	Journal = {Language Documentation and Conservation},
	Keywords = {documentary linguistics; field methods},
	Language = {English},
	Month = {June},
	Number = {1},
	Pages = {15-50},
	Title = {Research Models, Community Engagement, and Linguistic Fieldwork: Reflections on Working within Canadian Indigenous Communities},
	Volume = {3},
	Year = {2009}}

@article{Meakins2009,
	Author = {Felicity Meakins},
	Date-Added = {2013-03-12 08:24:05 +0000},
	Date-Modified = {2013-03-12 08:26:03 +0000},
	Journal = {Language Documentation and Conservation},
	Keywords = {documentary linguistics; technical review},
	Language = {English},
	Month = {June},
	Number = {1},
	Pages = {126-131},
	Title = {Final Cut Pro},
	Volume = {3},
	Year = {2009}}

@incollection{Macri2010,
	Author = {Martha J. Macri},
	Booktitle = {Language Documentation: Practice and values},
	Crossref = {GrenobleFurbee2010},
	Date-Added = {2013-03-06 13:19:48 +0000},
	Date-Modified = {2013-03-06 13:20:28 +0000},
	Pages = {37-47},
	Title = {Language Documentation: Whose ethics?}}

@incollection{Rice2010,
	Author = {Karen Rice},
	Booktitle = {Language Documentation: Practice and values},
	Crossref = {GrenobleFurbee2010},
	Date-Added = {2013-03-06 13:16:58 +0000},
	Date-Modified = {2013-03-06 13:19:28 +0000},
	Pages = {25-36},
	Title = {The Linguist's responsibilities to the community of speakers: Community-based research}}

@book{Samarin1967,
	Address = {New York},
	Author = {William J. Samarin},
	Date-Added = {2013-03-06 10:36:16 +0000},
	Date-Modified = {2013-03-06 10:37:32 +0000},
	Keywords = {field methods},
	Language = {English},
	Publisher = {Holt, Rinehart \& Winston},
	Title = {Field linguistics : a guide to linguistic field work},
	Year = {1967}}

@incollection{KopTamm2010,
	Author = {Maria Koptjevskaja-Tamm},
	Booktitle = {Das Handbuch der Eurolinguistik},
	Crossref = {Hinrichs2010},
	Date-Added = {2013-02-05 14:33:53 +0000},
	Date-Modified = {2013-02-05 14:35:39 +0000},
	Language = {English},
	Pages = {503-518},
	Title = {Central Europe: Circum-baltic area}}

@book{Hinrichs2010,
	Address = {Wiesbaden},
	Date-Added = {2013-02-05 14:28:54 +0000},
	Date-Modified = {2013-02-05 14:33:42 +0000},
	Editor = {Uwe Hinrichs},
	Keywords = {typology},
	Language = {German and English},
	Number = {20},
	Publisher = {Harrassowitz},
	Series = {Slavistische Studien B{\"u}cher - Neue Folge},
	Title = {Das Handbuch der Eurolinguistik},
	Year = {2010}}

@incollection{Mosel2012,
	Author = {Ulrike Mosel},
	Booktitle = {Electronic Grammaticography},
	Chapter = {10},
	Crossref = {Nordhoff2012},
	Date-Added = {2013-02-05 14:23:12 +0000},
	Date-Modified = {2013-02-05 14:24:12 +0000},
	Pages = {235-250},
	Title = {Advances in the accountability of grammatical analysis and description by using regular expressions}}

@book{Nordhoff2012,
	Address = {Honolulu},
	Date-Added = {2013-02-05 14:18:43 +0000},
	Date-Modified = {2013-02-05 14:45:34 +0000},
	Editor = {Sebastian Nordhoff},
	Keywords = {documentary linguistics},
	Language = {English},
	Number = {4},
	Publisher = {University of Hawai'i Press},
	Series = {Language Documentation and Conservation Special Publication},
	Title = {Electronic Grammaticography},
	Year = {2012}}

@article{Nordhoff2008,
	Author = {Sebastian Nordhoff},
	Date-Added = {2013-02-05 14:17:10 +0000},
	Date-Modified = {2013-02-05 14:18:32 +0000},
	Journal = {Language Documentation and Conservation},
	Keywords = {documentary linguistics},
	Language = {English},
	Number = {2},
	Pages = {296-324},
	Title = {Electronic Reference Grammars for Typology: Challenges and Solutions},
	Volume = {2},
	Year = {2008}}

@book{DahlKopTamm2001,
	Address = {Amsterdam},
	Date-Added = {2013-02-05 13:24:57 +0000},
	Date-Modified = {2013-02-05 14:28:41 +0000},
	Editor = {{\"O}sten Dahl and Maia Koptjevskaja-Tamm},
	Keywords = {typology, language contact},
	Language = {English},
	Publisher = {John Benjamins Publishing Co.},
	Title = {The Circum-Baltic Languages: Typology and Contact},
	Year = {2001}}

@article{Wagner1964,
	Author = {H. Wagner},
	Date-Added = {2013-02-05 12:29:33 +0000},
	Date-Modified = {2013-02-05 12:31:12 +0000},
	Journal = {Zeitschrift f{\"u}r celtische Philologie},
	Keywords = {contact linguistics, North-Germanic, Saami},
	Language = {German},
	Number = {3-4},
	Pages = {225-298},
	Title = {Nordeurop{\"a}ische Lautgeographie},
	Volume = {29},
	Year = {1964}}

@incollection{Hayes1989,
	Address = {Orlando, FL},
	Author = {Bruce P. Hayes},
	Booktitle = {Rhythm and Meter},
	Date-Added = {2013-02-05 12:16:54 +0000},
	Date-Modified = {2013-02-05 12:19:18 +0000},
	Editor = {Paul Kiparsky and Gilbert Youmans},
	Keywords = {phonological word, prosody, Phonology},
	Language = {English},
	Pages = {201-260},
	Publisher = {Academic Press},
	Title = {The prosodic hierarchy in meter},
	Year = {1989}}

@incollection{Selkirk1980,
	Address = {Saratoga, CA},
	Author = {E. Selkirk},
	Booktitle = {Juncture},
	Date-Added = {2013-02-05 12:14:04 +0000},
	Date-Modified = {2013-02-05 12:16:20 +0000},
	Editor = {M. Aranoff and M. L. Kean},
	Keywords = {phonological word, Phonology},
	Language = {English},
	Pages = {107-129},
	Publisher = {Anma Libri},
	Title = {Prosodic domains in phonology: Sanskrit revisited},
	Year = {1980}}

@article{Riessler2008,
	Author = {Michael Rie{\ss}ler},
	Date-Added = {2013-02-05 12:08:41 +0000},
	Date-Modified = {2013-02-05 12:16:27 +0000},
	Journal = {North-Western European Language Evolution},
	Keywords = {contact linguistics, Saami, North-Germanic},
	Language = {German},
	Pages = {99-130},
	Title = {Substratsprachen, Sprachb{\"u}nde und Arealit{\"a}t in Nordeuropa},
	Volume = {54/55},
	Year = {2008}}

@incollection{Anderson2008,
	Author = {Gregory D. S. Anderson},
	Booktitle = {The World Atlas of Language Structures},
	Chapter = {9},
	Crossref = {HaspelmathEtAl2005},
	Date-Added = {2013-01-11 16:39:46 +0000},
	Date-Modified = {2013-01-11 16:41:02 +0000},
	Pages = {??},
	Title = {The Velar Nasal}}

@url{Anderson2008WALS,
	Address = {Munich},
	Author = {Gregory D. S. Anderson},
	Booktitle = {The World Atlas of Language Structures Online},
	Chapter = {9},
	Crossref = {WALS},
	Date-Added = {2013-01-11 16:37:11 +0000},
	Date-Modified = {2013-01-11 16:38:34 +0000},
	Editor = {Matthew Dryer and Martin Haspelmath},
	Lastchecked = {18.11.2010},
	Publisher = {Max Planck Digital Library},
	Title = {The Velar Nasal},
	Url = {http://wals.info/chapter/9},
	Year = {2008},
	Bdsk-Url-1 = {http://wals.info/feature/9}}

@incollection{Riessler2013,
	Author = {Michael Rie{\ss}ler},
	Booktitle = {Sustaining Indigenous Knowledge: Learning Tools and Community Initiatives for Preserving Endangered Languages and Local Cultural Heritage},
	Crossref = {KastenDeGraaf2013},
	Date-Added = {2013-01-11 15:52:42 +0000},
	Date-Modified = {2013-01-11 15:54:54 +0000},
	Keywords = {endangered languages; documentary linguistics; Kildin Saami},
	Pages = {195-218},
	Title = {Towards a Digital Infrastructure for Kildin Saami}}

@book{KastenDeGraaf2013,
	Address = {F{\"u}rstenberg/Havel},
	Date-Added = {2013-01-11 15:49:17 +0000},
	Date-Modified = {2013-01-11 15:52:30 +0000},
	Editor = {Erich Kasten and Tjeerd de Graaf},
	Keywords = {endangered languages; Siberia},
	Language = {English},
	Publisher = {Kulturstiftung Sibirien},
	Title = {Sustaining Indigenous Knowledge: Learning Tools and Community Initiatives for Preserving Endangered Languages and Local Cultural Heritage},
	Year = {2013}}

@phdthesis{Riessler2011,
	Address = {Leipzig},
	Author = {Michael Rie{\ss}ler},
	Date-Added = {2013-01-03 12:23:48 +0000},
	Date-Modified = {2013-01-03 12:32:01 +0000},
	Keywords = {general linguistics, attribution marking, morphosyntax, Saami},
	Language = {English},
	School = {Institut f{\"u}r Linguistik, Universit{\"a}t Leipzig},
	Title = {Typology and evolution of adjective attribution marking in the languages of northern Eurasia},
	Year = {2011}}

@book{KorhonenM1981,
	Address = {Helsinki},
	Author = {Mikko Korhonen},
	Date-Added = {2012-12-19 13:55:02 +0000},
	Date-Modified = {2012-12-19 14:00:15 +0000},
	Keywords = {Saami linguistics},
	Language = {Finnish},
	Note = {A introduction into the history of the Lapp language},
	Publisher = {Suomalaisen Kirjallisuuden Seura},
	Series = {Suomalaisen Kirjallisuuden Seuran toimituksia},
	Title = {Johdatus lapin kielen historiaan},
	Volume = {370},
	Year = {1981}}

@book{GrenobleFurbee2010,
	Address = {Amsterdam},
	Date-Added = {2012-12-17 09:58:02 +0000},
	Date-Modified = {2012-12-17 10:06:04 +0000},
	Editor = {Lenore A. Grenoble and Louanna Furbee},
	Keywords = {documentary linguistics},
	Language = {English},
	Publisher = {John Benjamins Publishing Co.},
	Title = {Language Documentation: Practice and values},
	Year = {2010}}

@book{Lehtiranta2001,
	Address = {Helsinki},
	Author = {Juhani Lehtiranta},
	Date-Added = {2012-12-06 16:32:17 +0000},
	Date-Modified = {2013-01-08 13:08:46 +0000},
	Keywords = {Saami, etymology},
	Language = {Finnish},
	Number = {200},
	Publisher = {Suomalais-Ugrilainen Seura},
	Series = {Suomalais-ugrilaisen Seuran toimituksia},
	Title = {Yhteissaamelainen sanasto},
	Year = {2001}}

@book{Booij2011,
	Address = {Oxford},
	Author = {Geert Booij},
	Date-Added = {2012-11-30 13:37:56 +0000},
	Date-Modified = {2012-11-30 13:38:48 +0000},
	Keywords = {Morphology},
	Language = {English},
	Publisher = {Oxford University Press},
	Title = {Construction Morphology},
	Year = {2011}}

@book{Booij2012,
	Address = {Oxford},
	Author = {Geert Booij},
	Date-Added = {2012-11-30 13:36:26 +0000},
	Date-Modified = {2012-11-30 13:38:53 +0000},
	Edition = {3rd},
	Keywords = {Morphology},
	Language = {English},
	Publisher = {Oxford University Press},
	Series = {Oxford Texbooks in Linguistics},
	Title = {The Grammar of Words: An Introduction to Linguistic Morphology},
	Year = {2012}}

@conference{Sammallahti1985,
	Address = {Wiesbaden},
	Author = {Pekka Sammallahti},
	Booktitle = {Dialectologia Uralica. Materialien des ersten internationalen Symposions zur Dialektologie der uralischen Sprachen; . 4-7 September 1984 in Hamburg},
	Crossref = {Veenker1985},
	Date-Added = {2012-11-14 12:08:59 +0000},
	Date-Modified = {2013-01-08 12:54:59 +0000},
	Editor = {W. Veenker},
	Keywords = {Pite; Saami dialects},
	Language = {German},
	Pages = {149-158},
	Title = {Die Definition von Sprachgrenzen in einem Kontinuum von Dialekten: die lappischen Sprachen und einige Grundfragen der Dialektologie},
	Year = {1985}}

@webpage{encyclSaamiCulture2012,
	Date-Added = {2012-11-14 10:22:04 +0000},
	Date-Modified = {2012-11-14 10:22:04 +0000},
	Keywords = {Saami culture},
	Language = {English},
	Lastchecked = {14.11.2012},
	Month = {November},
	Title = {The Encyclopaedia of Saami Culture},
	Url = {http://www.helsinki.fi/~sugl_smi/senc/en/esittely.htm},
	Year = {2012},
	Bdsk-Url-1 = {http://www.helsinki.fi/~sugl_smi/senc/en/esittely.htm}}

@incollection{Himmelmann2006b,
	Address = {Berlin},
	Author = {Nikolaus Himmelmann},
	Booktitle = {Essentials of Language Documentation},
	Crossref = {Gippert2006},
	Date-Added = {2012-11-06 17:18:05 +0000},
	Date-Modified = {2013-01-08 13:06:09 +0000},
	Editor = {Jost Gippert AND Ulrike Mosel AND Nikolaus Himmelmann},
	Keywords = {documentary linguistics},
	Language = {English},
	Pages = {253-274},
	Publisher = {Mouton de Gruyter},
	Title = {The Challenges of Segmenting Spoken Language},
	Year = {2006}}

@article{Woodbury2003,
	Author = {Anthony C. Woodbury},
	Date-Added = {2012-11-06 17:14:28 +0000},
	Date-Modified = {2012-11-06 17:16:17 +0000},
	Journal = {?},
	Keywords = {documentary linguistics},
	Language = {English},
	Pages = {?},
	Title = {Defining Documentary Linguistics},
	Year = {2003}}

@book{SakelEverett2012,
	Address = {Cambridge},
	Author = {Jeanette Sakel and Daniel Everett},
	Date-Added = {2012-10-10 09:05:21 +0000},
	Date-Modified = {2012-10-10 09:07:56 +0000},
	Keywords = {field methods},
	Language = {English},
	Publisher = {Cambridge University Press},
	Series = {Cambridge Textbooks in Linguistics},
	Title = {Linguistic fieldwork: a student guide},
	Year = {2012}}

@unpublished{insamlingPS2011,
	Author = {Nils-Henrik Bengtsson and Marianne Eriksson and Inger Fj{\"a}ll{\aa}s and Eva-Karin Rosenberg and Valborg Sjaggo and Dagny Skaile},
	Date-Added = {2012-10-03 08:17:25 +0000},
	Date-Modified = {2012-12-22 17:09:06 +0000},
	Keywords = {lexicography and Pite},
	Language = {Pite Saami, English},
	Note = {(Pite Saami wordlist project)},
	Title = {Insamling av pitesamiska ord (unpublished)},
	Year = {2011}}

@book{Givon2001b,
	Address = {Amsterdam},
	Author = {Talmy Giv{\'o}n},
	Date-Added = {2012-10-02 20:38:11 +0000},
	Date-Modified = {2012-10-02 20:38:29 +0000},
	Keywords = {syntax},
	Language = {English},
	Publisher = {John Benjamins Publishing Co.},
	Title = {Syntax: an Introduction},
	Volume = {II},
	Year = {2001}}

@book{Givon2001a,
	Address = {Amsterdam},
	Author = {Talmy Giv{\'o}n},
	Date-Added = {2012-10-02 19:43:02 +0000},
	Date-Modified = {2012-10-02 20:38:23 +0000},
	Keywords = {syntax},
	Language = {English},
	Publisher = {John Benjamins Publishing Co.},
	Title = {Syntax: an Introduction},
	Volume = {I},
	Year = {2001}}

@book{Halasz1891,
	Address = {Budapest},
	Author = {Ign{\'a}cz Hal{\'a}sz},
	Date-Added = {2012-09-25 09:00:05 +0000},
	Date-Modified = {2013-01-08 13:16:21 +0000},
	Digital = {yes (scanned)},
	Keywords = {South Saami ?},
	Language = {Hungarian},
	Note = {Title: South Saami Dictionary},
	Publisher = {Kiadja a Magyar tudom{\'a}nyos akad{\'e}mia},
	Series = {Sv{\'e}d-Lapp Nyeiv.},
	Title = {D{\'e}li-lapp sz{\'o}t{\'a}r},
	Volume = {IV},
	Year = {1891}}

@book{Qvigstad1893,
	Author = {J. K. Qvigstad},
	Date-Added = {2012-08-27 13:05:33 +0000},
	Date-Modified = {2012-08-27 13:22:54 +0000},
	Keywords = {Saami etymology; Etymology},
	Language = {German, Saami},
	Number = {1},
	Publisher = {Christiania},
	Series = {Christiania Videnskabsselskabs Forhandlinger for 1893},
	Title = {Nordische Lehnw{\"o}rter im Lappischen},
	Year = {1893}}

@incollection{SchachterShopen2007,
	Address = {Cambridge},
	Author = {Paul Schachter and Timothy Shopen},
	Booktitle = {Clause Structure},
	Crossref = {ShopenI2007},
	Date-Added = {2012-08-27 12:44:34 +0000},
	Date-Modified = {2013-01-08 13:10:33 +0000},
	Edition = {2nd},
	Editor = {Timothy Shopen},
	Keywords = {general linguistics; parts of speech},
	Language = {English},
	Pages = {1-60},
	Publisher = {Cambridge University Press},
	Series = {Language Typology and Syntactic Description},
	Title = {Parts-of-speech systems},
	Volume = {1},
	Year = {2007}}

@book{SeifartEtAl2012,
	Address = {Honolulu},
	Date-Added = {2012-07-31 11:17:54 +0000},
	Date-Modified = {2012-07-31 11:20:49 +0000},
	Editor = {Frank Seifart and Geoffrey Haig and Nikolaus P. Himmelmann and Dagmar Jung and Anna Margetts and Paul Trilsbeek},
	Keywords = {documentary linguistics},
	Language = {English},
	Number = {3},
	Publisher = {University of Hawai'i Press},
	Series = {Language Documentation & Conservation},
	Title = {Potentials of Language Documentation: Methods, Analyses, and Utilization},
	Year = {2012}}

@incollection{Bickel2010,
	Address = {Amsterdam},
	Author = {Balthasar Bickel},
	Booktitle = {Clause-hierarchy and clause-linking: the syntax and pragmatics interface},
	Date-Added = {2012-07-26 12:47:00 +0000},
	Date-Modified = {2012-07-26 12:48:40 +0000},
	Editor = {Isabelle Bril},
	Keywords = {typology},
	Language = {English},
	Pages = {51-101},
	Publisher = {Benjamins},
	Title = {Capturing particulars and universals in clause linkage: a multivariate analysis},
	Year = {2010}}

@phdthesis{Witzlack2010,
	Address = {Leipzig},
	Author = {Alena Witzlack-Makarevich},
	Date-Added = {2012-07-26 12:44:20 +0000},
	Date-Modified = {2012-07-26 12:45:32 +0000},
	Keywords = {grammatical relations; syntax},
	Language = {English},
	Month = {June},
	School = {Universit{\"a}t Leipzig},
	Title = {Typological VariationIn Grammatical Relations},
	Year = {2010}}

@incollection{Bickel2011,
	Address = {Oxford},
	Author = {Balthasar Bickel},
	Booktitle = {The Oxford Handbook of Language Typology},
	Date-Added = {2012-07-26 12:40:47 +0000},
	Date-Modified = {2012-07-26 12:43:05 +0000},
	Editor = {J. J. Song},
	Keywords = {grammatical relations, syntax},
	Language = {English},
	Pages = {399-444},
	Publisher = {Oxford University Press},
	Title = {Grammatical relations typology},
	Year = {2011}}

@book{Lagercrantz1923,
	Address = {Oslo},
	Author = {Eliel Lagercrantz},
	Date-Added = {2012-07-24 13:48:55 +0000},
	Date-Modified = {2012-07-24 13:53:32 +0000},
	Keywords = {Saami; South Saami; syntax, morphology, phonology},
	Language = {German},
	Publisher = {Kristiania Etnografiske Museum},
	Title = {Sprachlehre des S{\"u}dlappischen nach der Mundart von Wefsen},
	Year = {1923}}

@article{Bergsland1977,
	Author = {Knut Bergsland},
	Date-Added = {2012-07-13 13:31:51 +0000},
	Date-Modified = {2012-07-13 13:37:08 +0000},
	Journal = {Viritt{\"a}j{\"a}},
	Keywords = {Saami linguistics},
	Language = {Finnish},
	Note = {'Saami language(s?) and neighboring language(s?) ???},
	Pages = {1-11},
	Title = {Saamen kieli ja naapurikielet},
	Volume = {81},
	Year = {1977}}

@book{ShopenI2007,
	Address = {Cambridge},
	Date-Added = {2012-07-11 09:42:21 +0000},
	Date-Modified = {2012-07-11 09:44:06 +0000},
	Edition = {2nd},
	Editor = {Timothy Shopen},
	Keywords = {syntax, general linguistics},
	Language = {English},
	Publisher = {Cambridge University Press},
	Series = {Language Typology and Syntactic Description},
	Title = {Clause Structure},
	Volume = {I},
	Year = {2007}}

@book{ShopenII2007,
	Address = {Cambridge},
	Date-Added = {2012-07-11 09:41:58 +0000},
	Date-Modified = {2012-07-11 09:44:00 +0000},
	Edition = {2nd},
	Editor = {Timothy Shopen},
	Keywords = {syntax, general linguistics},
	Language = {English},
	Publisher = {Cambridge University Press},
	Series = {Language Typology and Syntactic Description},
	Title = {Complex Constructions},
	Volume = {II},
	Year = {2007}}

@incollection{Andrews2007,
	Address = {Cambridge},
	Author = {Avery D. Andrews},
	Booktitle = {Grammatical categories and the lexicon},
	Chapter = {4},
	Crossref = {ShopenIII2007},
	Date-Added = {2012-07-11 09:30:21 +0000},
	Date-Modified = {2013-01-08 13:10:11 +0000},
	Edition = {2nd},
	Editor = {Timothy Shopen},
	Keywords = {syntax, relative clauses, general linguistics},
	Language = {English},
	Pages = {206-236},
	Publisher = {Cambridge University Press},
	Series = {Language typology and syntactic description},
	Title = {Relative Clauses},
	Volume = {III},
	Year = {2007}}

@article{Harris1997,
	Author = {John Harris},
	Date-Added = {2012-05-31 09:45:54 +0000},
	Date-Modified = {2012-05-31 09:47:13 +0000},
	Journal = {Phonology},
	Keywords = {Phonology, prosody},
	Language = {English},
	Pages = {315-370},
	Title = {Licensing Inheritance: an integrated theory of neutralisation},
	Volume = {14},
	Year = {1997}}

@incollection{Hammond2011,
	Address = {Oxford},
	Author = {Michael Hammond},
	Booktitle = {The Blackwell Companion to Phonology},
	Chapter = {40},
	Date-Added = {2012-05-31 09:42:29 +0000},
	Date-Modified = {2012-05-31 09:45:42 +0000},
	Editor = {Marc van Oostendorp and Colin J. Ewen and Elizabeth Hume and Keren Rice},
	Keywords = {Phonology, prosody, foot},
	Language = {English},
	Pages = {949-979},
	Publisher = {Wiley-Blackwell},
	Title = {The Foot},
	Year = {2011}}

@incollection{aikio2004,
	Address = {Helsinki},
	Author = {Ante Aikio},
	Booktitle = {Etymologie, Entlehnungen und Entwicklungen: Festschrift f{\"u}r Jorma Koivulehto zum 70. Geburtstag},
	Date-Added = {2012-04-18 16:19:22 +0000},
	Date-Modified = {2012-04-18 16:21:02 +0000},
	Editor = {Irma Hyv{\"a}rinen AND Petri Kallio AND Jarmo Korhonen},
	Keywords = {Proto-Saamic},
	Language = {English},
	Pages = {5-34},
	Publisher = {M{\'e}moires de la Soci{\'e}t{\'e} N{\'e}ophilologique de Helsinki},
	Title = {An essay on substrate studies and the origin of Saami},
	Volume = {63},
	Year = {2004}}

@article{aikio2006,
	Author = {Ante Aikio},
	Date-Added = {2012-04-18 16:16:46 +0000},
	Date-Modified = {2012-04-18 16:22:39 +0000},
	Journal = {Journal de la Soci{\'e}t{\'e} Finno-Ougrienne},
	Keywords = {Proto-Saamic; Etymology; Proto-Germanic},
	Language = {English},
	Pages = {9-55},
	Title = {On Germanic-Saami contacts and Saami prehistory},
	Volume = {91},
	Year = {2006}}

@book{collinder1954,
	Author = {Bj{\"o}rn Collinder},
	Date-Added = {2012-04-12 19:04:59 +0000},
	Date-Modified = {2012-04-12 19:04:59 +0000},
	Keywords = {Proto-Saamic, Etymology},
	Language = {English},
	Publisher = {Spr{\aa}kvetenskapliga s{\"a}llskapet i Uppsala},
	Title = {Proto-Lappish and Samoyed},
	Year = 1954}

@incollection{Helimski1996,
	Abstract = {{\"a}u{\ss}ert sich zu Y. T. Toivonens Etymologien, mit denen er die samojedische Herkunft der Protolappen beweisen wollte, und die Collinder fast alle {\"u}bernommen hatte, sowie I. Sebesty{\'e}n-N{\'e}meths Etymologien
sieht keine linguistischen Evidenzen f{\"u}r eine alte Verbindung zwischen den Sprachen
erkl{\"a}rt den {\"u}berwiegenden Teil der o.g. Etymologien f{\"u}r falsch oder zweifelhaft
20 Gleichungen, jedoch entweder gemeinsam ererbte W{\"o}rter oder sp{\"a}te bis sehr sp{\"a}te Entlehnungen},
	Address = {Uppsala},
	Author = {Eugen Helimski},
	Booktitle = {Lapponica et Uralica. 100 Jahre finnisch-ugrischer Unterricht an der Universit{\"a}t Uppsala. Vortr{\"a}ge am Jubil{\"a}umssymposium 20.-23. April 1994},
	Date-Added = {2012-04-12 19:04:59 +0000},
	Date-Modified = {2012-04-12 19:04:59 +0000},
	Editor = {Lars-Gunnar Larsson},
	Keywords = {Proto-Saamic, Samoyedic, Etymology},
	Language = {German},
	Publisher = {Almqvist \& Wiksell},
	Series = {Studia Uralica Upsaliensia},
	Title = {(Proto-Lappisch und Samojedisch)},
	Year = {1996}}

@article{janhunen1981,
	Address = {Helsinki},
	Author = {Juha Janhunen},
	Date-Added = {2012-04-12 19:04:59 +0000},
	Date-Modified = {2012-04-17 08:49:31 +0000},
	Journal = {Finnisch-Ugrische Forschungen},
	Keywords = {Proto-Uralic},
	Language = {English},
	Pages = {23-42},
	Publisher = {Soci{\'e}t{\'e} Finno-Ougrienne},
	Title = {On the structure of Proto-Uralic},
	Volume = {44},
	Year = {1981}}

@article{koichi1974,
	Author = {Inoue Koichi},
	Date-Added = {2012-04-12 19:04:59 +0000},
	Date-Modified = {2012-04-12 19:04:59 +0000},
	Journal = {Uralica. Journal of the Uralic Society of Japan},
	Keywords = {Proto-Saamic},
	Language = {English},
	Title = {Rethinking on "Proto-Lapp problem"},
	Volume = {2},
	Year = {1974}}

@book{sebestyen1953,
	Address = {Budapest},
	Author = {I. N. Sebesty{\'e}n},
	Date-Added = {2012-04-12 19:04:59 +0000},
	Date-Modified = {2012-04-12 19:05:55 +0000},
	Keywords = {Proto-Saamic},
	Language = {German},
	Series = {ALH. III.},
	Title = {Beitr{\"a}ge zum Problem der proto-lappischen Sprache},
	Year = {1953}}

@book{toivonen1950,
	Address = {Helsinki},
	Author = {Toivonen, Y.H.},
	Date-Added = {2012-04-12 19:04:59 +0000},
	Date-Modified = {2012-04-12 19:04:59 +0000},
	Keywords = {Proto-Saamic},
	Language = {German},
	Series = {Sitzungsberichte der Finnischen Akademie der Wissenschaften 1949},
	Title = {Zum Problem des Proto-Lappischen},
	Year = {1950}}

@url{alguWebsite,
	Date-Added = {2012-04-05 20:50:24 +0000},
	Date-Modified = {2013-01-08 14:35:03 +0000},
	Keywords = {etymology},
	Language = {English and Finnish and German and Saami},
	Lastchecked = {2012-04-17},
	Title = {{\'A}lgu: Etymological database of the Saami languages},
	Url = {http://kaino.kotus.fi/algu},
	Urldate = {2012-04-17},
	Year = {2012},
	Bdsk-Url-1 = {http://kaino.kotus.fi/algu}}

@incollection{Jokinen1962,
	Address = {Helsinki},
	Author = {Raija Jokinen},
	Booktitle = {Commentationes Fenno-Ugricae in honorem Paavo Ravila},
	Date-Added = {2012-02-23 11:42:48 +0000},
	Date-Modified = {2012-02-23 11:43:48 +0000},
	Editor = {Paavo Ravila and Paul Ariste},
	Keywords = {Lule Saami},
	Language = {German},
	Number = {125},
	Pages = {171-175},
	Publisher = {Suomalais-Ugrilainen Seura},
	Series = {Suomalais-ugrilaisen Seuran toimituksia},
	Title = {{\"U}ber die Illative tas{\'a}, tasi im Lulelappischen},
	Year = {1962}}

@incollection{Krauss2007,
	Address = {Berlin},
	Author = {Michael Krauss},
	Booktitle = {Language Diversity Endangered},
	Crossref = {Brenzinger2007a},
	Date-Added = {2012-02-23 11:13:00 +0000},
	Date-Modified = {2013-01-08 13:04:51 +0000},
	Editor = {Matthias Brenzinger},
	Keywords = {language sociology, endangered languages},
	Language = {English},
	Number = {181},
	Pages = {1-8},
	Publisher = {Mouton de Gruyter},
	Series = {Trends in Linguistics: Studies and Monographs},
	Title = {Classification and Terminology for Degrees of Language Endangerment},
	Year = {2007}}

@incollection{Brenzinger2007b,
	Address = {Berlin},
	Author = {Matthias Brenzinger},
	Booktitle = {Language Diversity Endangered},
	Crossref = {Brenzinger2007a},
	Date-Added = {2012-02-23 11:11:58 +0000},
	Date-Modified = {2013-01-08 13:04:06 +0000},
	Editor = {Matthias Brenzinger},
	Keywords = {language sociology, endangered languages},
	Language = {English},
	Number = {181},
	Pages = {ix-xvii},
	Publisher = {Mouton de Gruyter},
	Series = {Trends in Linguistics: Studies and Monographs},
	Title = {Language Endangerment Throughout the World},
	Year = {2007}}

@incollection{Salminen2007,
	Address = {Berlin},
	Author = {Tapani Salminen},
	Booktitle = {Language Diversity Endangered},
	Crossref = {Brenzinger2007a},
	Date-Added = {2012-02-22 13:39:40 +0000},
	Date-Modified = {2013-01-08 13:05:08 +0000},
	Editor = {Matthias Brenzinger},
	Keywords = {language sociology, endangered languages},
	Language = {English},
	Number = {181},
	Pages = {205-232},
	Publisher = {Mouton de Gruyter},
	Series = {Trends in Linguistics: Studies and Monographs},
	Title = {Endangered Languages in Europe},
	Year = {2007}}

@book{Collinder1957,
	Address = {Stockholm},
	Author = {Bj{\"o}rn Collinder},
	Date-Added = {2012-02-21 16:04:26 +0000},
	Date-Modified = {2012-02-21 16:05:04 +0000},
	Keywords = {Uralic linguistics; grammar},
	Language = {English},
	Number = {2},
	Publisher = {Almqvist and Wiksell},
	Series = {A handbook of the Uralic languages},
	Title = {Survey of the Uralic languages},
	Year = {1957}}

@book{Collinder1960,
	Address = {Stockholm},
	Author = {Bj{\"o}rn Collinder},
	Date-Added = {2012-02-21 15:23:32 +0000},
	Date-Modified = {2012-12-22 17:08:34 +0000},
	Keywords = {Uralic linguistics; grammar},
	Language = {English},
	Publisher = {Almqvist and Wiksell},
	Series = {A handbook of the Uralic languages},
	Title = {Comparative grammar of the Uralic languages},
	Year = {1960}}

@incollection{Bergsland1962,
	Address = {Helsinki},
	Author = {Knut Bergsland},
	Booktitle = {Commentationes Fenno-Ugricae in honorem Paavo Ravila},
	Date-Added = {2012-02-21 13:44:31 +0000},
	Date-Modified = {2012-07-13 13:36:58 +0000},
	Editor = {Paavo Ravila and Paul Ariste},
	Keywords = {Saami dialects, South Saami, Pite},
	Language = {English},
	Number = {125},
	Pages = {27-39},
	Publisher = {Suomalais-Ugrilainen Seura},
	Series = {Suomalais-ugrilaisen Seuran toimituksia},
	Title = {The Lapp dialects south of Lappland},
	Year = {1962}}

@incollection{Ruong1962,
	Address = {Helsinki},
	Author = {Israel Ruong},
	Booktitle = {Commentationes Fenno-Ugricae in honorem Paavo Ravila},
	Date-Added = {2012-02-20 14:40:39 +0000},
	Date-Modified = {2012-02-21 13:30:48 +0000},
	Editor = {Paavo Ravila and Paul Ariste},
	Keywords = {Pite},
	Language = {German},
	Number = {125},
	Pages = {463-467},
	Publisher = {Suomalais-Ugrilainen Seura},
	Series = {Suomalais-ugrilaisen Seuran toimituksia},
	Title = {Der Name Arjeplog},
	Year = {1962}}

@book{Ruong1945,
	Address = {Stockholm},
	Author = {Israel Ruong},
	Date-Added = {2012-02-20 14:37:30 +0000},
	Date-Modified = {2012-12-22 17:18:07 +0000},
	Keywords = {Pite, Saami culture},
	Language = {Swedish},
	Publisher = {Dialekt- och folkminnesarkivet},
	Series = {Svenska landsm{\aa}l och svenskt folkliv},
	Title = {Studier i lapsk kultur i Pite lappmark och angr{\"a}nsande omr{\aa}den},
	Year = {1945}}

@book{Manker1947,
	Address = {Stockholm},
	Author = {Ernst Manker},
	Date-Added = {2012-02-20 12:43:56 +0000},
	Date-Modified = {2012-12-22 17:10:19 +0000},
	Keywords = {Saami culture},
	Language = {Swedish},
	Number = {4},
	Publisher = {Svenska Turistf{\"o}reningens F{\"o}rlag},
	Series = {STF:s handb{\"o}cker om det svenska fj{\"a}llet},
	Title = {De svenska Fj{\"a}llapparna},
	Year = {1947}}

@book{MoselHovdhaugen1992,
	Address = {Oslo},
	Author = {Even Hovdhaugen and Ulrike Mosel},
	Date-Added = {2012-01-17 15:28:18 +0000},
	Date-Modified = {2012-01-17 15:30:44 +0000},
	Keywords = {Samoan; grammar},
	Language = {English},
	Publisher = {Scandinavian University Press},
	Title = {Samoan Reference Grammar},
	Year = {1992}}

@incollection{Woodbury2011,
	Address = {Cambridge},
	Author = {Anthony C. Woodbury},
	Booktitle = {The Cambridge Handbook of Endangered Languages},
	Crossref = {AustinSallabank2011},
	Date-Added = {2012-01-10 11:37:49 +0000},
	Date-Modified = {2013-01-08 13:13:18 +0000},
	Editor = {Peter K. Austin and Julia Sallabank},
	Keywords = {documentary linguistics, endangered languages},
	Language = {English},
	Pages = {159-186},
	Publisher = {Cambridge University Press},
	Title = {Language Documentation},
	Year = {2011}}

@book{Huss1999,
	Address = {Uppsala},
	Author = {Leena Huss},
	Date-Added = {2011-12-12 09:49:50 +0000},
	Date-Modified = {2011-12-12 09:51:08 +0000},
	Keywords = {language sociology, language contact},
	Language = {English},
	Publisher = {Studia Uralica Upsaliensia},
	Title = {Reversing Language Shift in the Far North: Linguistic Revitalization in Northern Scandinavia and Finland},
	Year = {1999}}

@book{HyltenstamStroud1991,
	Address = {Lund},
	Author = {Kenneth Hyltenstram and Christopher Stroud},
	Date-Added = {2011-12-12 09:47:12 +0000},
	Date-Modified = {2011-12-12 09:48:46 +0000},
	Keywords = {language sociology, language contact},
	Language = {Swedish},
	Publisher = {Studentlitteratur},
	Title = {Spr{\aa}kbyte och spr{\aa}kbevarande: om samiskan och andra minoritetsspr{\aa}k},
	Year = {1991}}

@book{RydWolf,
	Address = {Stockholm},
	Author = {Yngve Ryd},
	Date-Added = {2011-12-12 09:13:16 +0000},
	Date-Modified = {2011-12-12 13:30:10 +0000},
	Keywords = {lexicography, saami culture, anthropology},
	Language = {Swedish},
	Publisher = {Natur & Kultur},
	Title = {Ren och Varg: samer ber{\"a}ttar},
	Year = {2007}}

@book{RydFire,
	Address = {Stockholm},
	Author = {Yngve Ryd},
	Date-Added = {2011-12-12 09:11:18 +0000},
	Date-Modified = {2011-12-12 13:30:17 +0000},
	Keywords = {lexicography, saami culture, anthropology},
	Language = {Swedish},
	Publisher = {Natur & Kultur},
	Title = {Eld: flammor och gl{\"o}d - samisk eldkonst},
	Year = {2005}}

@book{RydSnow,
	Address = {Stockholm},
	Author = {Yngve Ryd},
	Date-Added = {2011-12-12 09:07:36 +0000},
	Date-Modified = {2011-12-12 13:30:14 +0000},
	Keywords = {lexicography, saami culture, anthropology},
	Language = {Swedish},
	Publisher = {Natur & Kultur},
	Title = {Sn{\"o}: rensk{\"o}taren Johan Rassa ber{\"a}ttar},
	Year = {2007}}

@incollection{Mosel2011,
	Address = {Cambridge},
	Author = {Ulrike Mosel},
	Booktitle = {The Cambridge Handbook of Endangered Languages},
	Crossref = {AustinSallabank2011},
	Date-Added = {2011-12-09 20:42:17 +0000},
	Date-Modified = {2013-01-08 13:13:27 +0000},
	Editor = {Peter K. Austin and Julia Sallabank},
	Keywords = {lexicography, endangered languages},
	Language = {English},
	Pages = {337-353},
	Publisher = {Cambridge University Press},
	Title = {Lexicography in endangered language communities},
	Year = {2011}}

@incollection{Krauss1997,
	Address = {Osaka},
	Author = {Michael Krauss},
	Booktitle = {Northern Minority Languages: Problems of Survival},
	Date-Added = {2011-12-09 11:14:23 +0000},
	Date-Modified = {2011-12-12 09:33:49 +0000},
	Editor = {Hiroshi Shoji and Juha Janhunen},
	Keywords = {sociolinguistics, language sociology, languages of the north},
	Language = {English},
	Pages = {1-34},
	Publisher = {National Museum of Ethnology},
	Series = {Senri Ethnic Studies},
	Title = {The indigenous languages of the North: A report on their present state},
	Volume = {44},
	Year = {1997}}

@article{MeyerSchareika2009,
	Address = {Mainz},
	Author = {Christian Meyer and Nikolaus Schareika},
	Date-Added = {2011-12-02 14:52:00 +0000},
	Date-Modified = {2011-12-02 15:00:52 +0000},
	Journal = {The Working Papers},
	Keywords = {field methods, anthropology},
	Language = {English},
	Number = {101},
	Publisher = {Institut f{\"u}r Ethnologie und Afrikastudien, Johannes Gutenberg-Universit{\"a}t},
	Title = {Participant Audition: Audio-recording as ethnographic method},
	Year = {2009}}

@article{Thomason2008,
	Author = {Sarah G. Thomason},
	Date-Added = {2011-12-02 14:47:40 +0000},
	Date-Modified = {2011-12-02 14:49:08 +0000},
	Journal = {Journal of Language Contact},
	Keywords = {language contact, language sociology},
	Language = {English},
	Pages = {42-56},
	Title = {Social and Linguistic Factors as Predictors of Contact-Induced Change},
	Volume = {2},
	Year = {2008}}

@book{MatrasSakel2007,
	Address = {Berlin},
	Date-Added = {2011-12-01 15:34:58 +0000},
	Date-Modified = {2011-12-01 15:35:52 +0000},
	Editor = {Yaron Matras and Jeanette Sakel},
	Keywords = {language contact; loanwords},
	Language = {English},
	Publisher = {Mouton de Gruyter},
	Series = {Empirical Approaches to Language Typology},
	Title = {Grammatical Borrowing in Cross-Linguistic Perspective},
	Year = {2007}}

@incollection{Sakel2007,
	Address = {Berlin},
	Author = {Jeanette Sakel},
	Booktitle = {Grammatical Borrowing in Cross-Linguistic Perspective},
	Date-Added = {2011-12-01 15:32:59 +0000},
	Date-Modified = {2011-12-01 15:34:52 +0000},
	Editor = {Yaron Matras and Jeanette Sakel},
	Keywords = {language contact; loanwords},
	Language = {English},
	Pages = {15-29},
	Publisher = {Mouton de Gruyter},
	Series = {Empirical Approaches to Language Typology},
	Title = {Types of loan: Matter and pattern},
	Year = {2007}}

@article{Winsa1999,
	Author = {Birger Winsa},
	Date-Added = {2011-11-29 16:47:17 +0000},
	Date-Modified = {2011-11-29 16:48:28 +0000},
	Journal = {Journal of Multilingual and Multicultural Development},
	Keywords = {language sociology, Saami},
	Language = {English},
	Number = {4-5},
	Pages = {376-473},
	Title = {Language Planning in Sweden},
	Volume = {20},
	Year = {1999}}

@article{PietikainenEtAl2010,
	Author = {Sari Pietik{\"a}inen and Leena Huss and Sirkka Laihiala-Kankainen and Ulla Aikio-Puoskari and Pia Lane},
	Date-Added = {2011-11-29 16:45:13 +0000},
	Date-Modified = {2011-11-29 16:47:07 +0000},
	Journal = {Acta Borealia},
	Keywords = {language sociology, Saami},
	Language = {English},
	Number = {1},
	Pages = {1-23},
	Title = {Regulating Multilingualism in the North Calotte: The Case of Kven, Me{\"a}nkieli and S{\'a}mi Languages},
	Volume = {27},
	Year = {2010}}

@book{LangDocDes8,
	Address = {London},
	Date-Added = {2011-11-23 20:36:39 +0000},
	Date-Modified = {2011-11-23 20:36:39 +0000},
	Editor = {Imogen Gunn and Mark Turin},
	Keywords = {documentary linguistics},
	Language = {English},
	Publisher = {SOAS, University of London},
	Series = {Language Documentation and Description},
	Title = {Language Documentation and Description},
	Volume = {8},
	Year = {2010}}

@book{LangDocDes9,
	Address = {London},
	Date-Added = {2011-11-23 20:35:08 +0000},
	Date-Modified = {2011-11-23 20:37:13 +0000},
	Editor = {Julia Sallabank},
	Keywords = {documentary linguistics},
	Language = {English},
	Publisher = {SOAS, University of London},
	Series = {Language Documentation and Description},
	Title = {Language Documentation and Description},
	Volume = {9},
	Year = {2011}}

@inproceedings{Wilbur2011,
	Address = {London},
	Author = {Joshua Wilbur},
	Booktitle = {Proceedings of Workshop on Language Documentation and Archiving},
	Date-Added = {2011-11-23 20:32:15 +0000},
	Date-Modified = {2011-11-23 20:33:58 +0000},
	Editor = {David Nathan},
	Keywords = {endangered languages; archiving},
	Language = {English},
	Organization = {Hans Rausing Endangered Languages Project},
	Pages = {51-58},
	Publisher = {School of Oriental and African Studies},
	Title = {Think globally, archive locally: opportunities and challanges in working with local archving institutions},
	Year = {2011}}

@proceedings{ArchivingWorkshop2011,
	Address = {London},
	Date-Added = {2011-11-23 20:29:45 +0000},
	Date-Modified = {2011-11-23 20:31:37 +0000},
	Editor = {David Nathan},
	Keywords = {archiving, endangered languages},
	Language = {English},
	Organization = {Hans Rausing Endangered Languages Project},
	Publisher = {School of Oriental and African Studies},
	Title = {Proceedings of Workshop on Language Documentation and Archiving},
	Year = {2011}}

@book{AustinSallabank2011,
	Address = {Cambridge},
	Date-Added = {2011-11-23 20:13:17 +0000},
	Date-Modified = {2011-11-23 20:14:56 +0000},
	Editor = {Peter K. Austin and Julia Sallabank},
	Keywords = {endangered languages},
	Language = {English},
	Publisher = {Cambridge University Press},
	Series = {Cambridge Handbooks in Language and Linguistics},
	Title = {The Cambridge Handbook of Endangered Languages},
	Year = {2011}}

@article{BlevinsJames2006,
	Author = {James Blevins},
	Date-Added = {2011-11-16 09:23:41 +0000},
	Date-Modified = {2011-11-16 09:25:03 +0000},
	Journal = {Journal of Linguistics},
	Keywords = {morphology; Saami},
	Language = {English},
	Pages = {531-573},
	Title = {Word-based Morphology},
	Volume = {42},
	Year = {2006}}

@incollection{Scheller2011,
	Author = {Elisabeth Scheller},
	Booktitle = {Uralica Helsingiensia},
	Date-Added = {2011-11-15 12:28:50 +0000},
	Date-Modified = {2011-11-15 12:51:12 +0000},
	Keywords = {Kola Saami, sociolinguistics},
	Language = {English},
	Pages = {79-96},
	Publisher = {Suomalais-Ugrilainen Seura},
	Title = {The Saami Language Situation in Russia},
	Volume = {5},
	Year = {2011}}

@phdthesis{Feist2010,
	Address = {Manchester},
	Author = {Timothy Feist},
	Date-Added = {2011-11-15 12:08:47 +0000},
	Date-Modified = {2011-11-15 12:10:44 +0000},
	Keywords = {Skolt Saami, grammar},
	Language = {English},
	School = {University of Manchester},
	Title = {A Grammar of Skolt Saami},
	Year = {2010}}

@incollection{Todal2006,
	Address = {online},
	Author = {Jon Todal},
	Booktitle = {Small languages and small language communities},
	Date-Added = {2011-11-15 11:50:06 +0000},
	Date-Modified = {2011-11-15 12:06:21 +0000},
	Editor = {Nancy C. Dorian},
	Keywords = {South Saami; sociolinguistics},
	Language = {English},
	Number = {180},
	Pages = {147-158},
	Publisher = {Walter de Gruyter},
	Series = {International Journal of the Sociology of Language},
	Title = {The Southern Saami Language in Svahken Sijte},
	Volume = {52},
	Year = {2006}}

@incollection{Magga2002,
	Author = {Thomas Magga},
	Booktitle = {Samiska i ett nytt {\aa}rtusende},
	Date-Added = {2011-11-15 11:46:54 +0000},
	Date-Modified = {2011-11-15 11:47:58 +0000},
	Editor = {Endre M{\o}rch and Thomas Magga},
	Keywords = {North Saami, sociolinguistics},
	Language = {English},
	Pages = {117-134},
	Publisher = {Nordiska ministerr{\aa}det},
	Title = {North Saami and majority languages},
	Year = {2002}}

@incollection{Sergejeva2002,
	Author = {Jelena Sergejeva},
	Booktitle = {Samiska i ett nytt {\aa}rtusende},
	Date-Added = {2011-11-15 11:45:19 +0000},
	Date-Modified = {2011-11-15 11:46:34 +0000},
	Editor = {Endre M{\o}rch and Thomas Magga},
	Keywords = {Kola Saami, sociolinguistics},
	Language = {English},
	Pages = {103-116},
	Publisher = {Nordiska ministerr{\aa}det},
	Title = {The Eastern S{\'a}mi Languages and Language Preservation},
	Year = {2002}}

@incollection{Olthuis2002,
	Author = {Marja-Liisa Olthuis},
	Booktitle = {Samiska i ett nytt {\aa}rtusende},
	Date-Added = {2011-11-15 11:42:20 +0000},
	Date-Modified = {2011-11-15 11:45:11 +0000},
	Editor = {Endre M{\o}rch and Thomas Magga},
	Keywords = {Inari, sociolinguistics},
	Language = {English},
	Pages = {97-102},
	Publisher = {Nordiska ministerr{\aa}det},
	Title = {Inarisaami -- a minority in a minority},
	Year = {2002}}

@proceedings{MorchMagg2002,
	Address = {Copenhagen},
	Date-Added = {2011-11-15 11:39:20 +0000},
	Date-Modified = {2011-11-15 11:42:05 +0000},
	Editor = {Endre M{\o}rch and Thomas Magga},
	Keywords = {Saami},
	Language = {Swedish, Norwegian, English},
	Publisher = {Nordiska ministerr{\aa}det},
	Title = {Samiska i ett nytt {\aa}rtusende},
	Year = {2002}}

@article{ValijarviWilbur2011,
	Address = {Cambridge},
	Author = {Riitta-Liisa Valij{\"a}rvi and Joshua Wilbur},
	Date-Added = {2011-10-27 15:17:50 +0000},
	Date-Modified = {2012-04-05 21:17:41 +0000},
	Journal = {Nordic Journal of Linguistics},
	Keywords = {sociolinguistics; Pite},
	Language = {English},
	Number = {3},
	Pages = {295-329},
	Publisher = {Cambridge University Press},
	Title = {The current state of the Pite Saami language: sociological and linguistic factors},
	Volume = {34},
	Year = {2011}}

@unpublished{ValijarviWilburDiscourseParticles,
	Author = {Riitta-Liisa Valij{\"a}rvi and Joshua Wilbur},
	Date-Added = {2011-10-26 11:45:15 +0000},
	Date-Modified = {2011-10-27 15:20:37 +0000},
	Keywords = {information structure; Pite},
	Language = {English},
	Title = {Discourse Particles in Pite Saami},
	Year = {manuscript}}

@incollection{Bull2007,
	Address = {Berlin},
	Author = {Tove Bull},
	Booktitle = {Spr{\aa}k og spr{\aa}kforhold i S{\'a}pmi},
	Date-Added = {2011-10-26 08:39:42 +0000},
	Date-Modified = {2011-10-26 08:41:18 +0000},
	Editor = {Tove Bull and Jurij Kusmenko and Michael Rie{\ss}ler},
	Keywords = {Saami, language contact},
	Language = {Norwegian},
	Number = {10},
	Pages = {216-236},
	Publisher = {Humboldt-Universit{\"a}t},
	Series = {Berliner Beitr{\"a}ge zur Skandinavistik},
	Title = {Samisk-skandinavisk spr{\aa}kkontakt i kontakttypologisk perspektiv},
	Year = {2007}}

@book{Matras2009,
	Address = {Cambridge},
	Author = {Yaron Matras},
	Date-Added = {2011-10-26 08:33:38 +0000},
	Date-Modified = {2012-04-05 21:20:57 +0000},
	Keywords = {language contact},
	Language = {English},
	Publisher = {Cambridge University Press},
	Series = {Cambridge Textbooks in Linguistics},
	Title = {Language Contact},
	Year = {2009}}

@book{Svonni2009,
	Address = {Troms{\o}},
	Author = {Mikael Svonni},
	Date-Added = {2011-10-25 10:30:34 +0000},
	Date-Modified = {2011-10-28 09:24:05 +0000},
	Keywords = {North Saami},
	Language = {Swedish},
	Publisher = {Universitetet i Troms{\o}},
	Title = {Samisk grammatik: kompendium},
	Year = {2009}}

@incollection{Riessler2009,
	Address = {Berlin},
	Author = {Michael Rie{\ss}ler},
	Booktitle = {Loanwords in the World's Languages: A Comparative Handbook},
	Crossref = {HaspelmathTadmor2009},
	Date-Added = {2011-10-24 09:02:25 +0000},
	Date-Modified = {2013-01-08 13:14:57 +0000},
	Editor = {Martin Haspelmath and Uri Tadmor},
	Keywords = {Kola Saami; loanwords; etymology},
	Language = {English},
	Pages = {384-413},
	Publisher = {Mouton de Gruyter},
	Title = {Loanwords in Kildin Saami},
	Year = {2009}}

@incollection{BickelNichols2007,
	Address = {Cambridge},
	Author = {Balthasar Bickel and Johanna Nichols},
	Booktitle = {Grammatical categories and the lexicon},
	Crossref = {ShopenIII2007},
	Date-Added = {2011-10-06 13:08:04 +0200},
	Date-Modified = {2013-01-08 13:10:23 +0000},
	Edition = {2nd},
	Editor = {Timothy Shopen},
	Keywords = {general linguistics; morphology},
	Language = {English},
	Pages = {169-240},
	Publisher = {Cambridge University Press},
	Series = {Language Typology and Syntactic Description},
	Title = {Inflectional Morphology},
	Volume = {III},
	Year = {2007}}

@article{RasmussenNolan2011,
	Author = {Torkel Rasmussen and John Shaun Nolan},
	Date-Added = {2011-07-29 11:16:45 +0200},
	Date-Modified = {2011-07-29 11:19:03 +0200},
	Journal = {International Journal of the Sociology of Language},
	Keywords = {language sociology, sociolinguistics, language policy, Saami},
	Language = {English},
	Pages = {35-55},
	Title = {Reclaiming S{\'a}mi languages: indigenous language emancipation from East to West},
	Volume = {209},
	Year = {2011}}

@incollection{BlocklandRiessler2011,
	Address = {Amsterdam},
	Author = {Rogier Blokland and Michael Rie{\ss}ler},
	Booktitle = {Language Contact in Times of Globalization},
	Date-Added = {2011-06-21 14:34:24 +0200},
	Date-Modified = {2012-10-06 18:24:09 +0000},
	Keywords = {Kola Saami; language contact; Komi; Russian},
	Language = {English},
	Pages = {5-26},
	Publisher = {Rudopi},
	Series = {Studies in Slavic and General Linguistics},
	Title = {Komi-Saami-Russian Contacts on the Kola Peninsula},
	Volume = {38},
	Year = {2011}}

@article{Engstrand1987b,
	Author = {Olle Engstrand},
	Date-Added = {2011-06-06 17:41:31 +0200},
	Date-Modified = {2011-06-06 17:41:56 +0200},
	Journal = {Phonetica},
	Keywords = {phonetics; Lule Saami; preaspiration},
	Language = {English},
	Pages = {103-116},
	Title = {Preaspiration and the voicing contrast in Lule Sami},
	Volume = {44},
	Year = {1987}}

@article{Engstrand1987a,
	Author = {Olle Engstrand},
	Date-Added = {2011-06-06 17:38:49 +0200},
	Date-Modified = {2011-06-06 17:41:28 +0200},
	Journal = {Phonetica},
	Keywords = {phonetics; Lule Saami},
	Language = {English},
	Pages = {117-128},
	Title = {Durational patterns of Lule Sami phonology},
	Volume = {44},
	Year = {1987}}

@article{BalsOddenRice2007,
	Author = {Berit Anne Bals and David Odden and Curt Rice},
	Date-Added = {2011-06-06 17:22:42 +0200},
	Date-Modified = {2011-06-06 17:24:02 +0200},
	Keywords = {Phonology; North Saami},
	Language = {English},
	Title = {The Phonology of Gradation in North Saami},
	Year = {2007}}

@book{LadefogedMaddieson1996,
	Address = {Oxford},
	Author = {Peter Ladefoged and Ian Maddieson},
	Date-Added = {2011-06-06 16:47:13 +0200},
	Date-Modified = {2011-06-06 16:49:12 +0200},
	Keywords = {phonetics, general linguistics},
	Language = {English},
	Publisher = {Blackwell},
	Title = {The Sounds of the World's Languages},
	Year = {1996}}

@incollection{TrilsbeckEtAl2006,
	Address = {Berlin},
	Author = {Paul Trilsbeek and Peter Wittenburg},
	Booktitle = {Essentials of Language Documentation},
	Crossref = {Gippert2006},
	Date-Added = {2011-05-12 19:38:09 +0200},
	Date-Modified = {2013-01-08 13:06:23 +0000},
	Editor = {Jost Gippert AND Ulrike Mosel AND Nikolaus Himmelmann},
	Keywords = {documentary linguistics},
	Language = {English},
	Pages = {311-335},
	Publisher = {Mouton de Gruyter},
	Title = {Archiving challenges},
	Year = {2006}}

@book{Schlachter1991,
	Address = {Wiesbaden},
	Author = {Wolfgang Schlachter},
	Date-Added = {2011-04-28 17:07:28 +0200},
	Date-Modified = {2011-04-28 17:11:47 +0200},
	Keywords = {Ume Saami; Saami linguistics; Saami dialects; consonant gradation},
	Language = {German},
	Publisher = {Societas Uralo-Altaica},
	Title = {Stufenwechselst{\"o}rungen im Mal{\aa}-lappischen. Aufbau oder Abbau eines Systems?},
	Year = {1991}}

@book{KorhonenO2005,
	Address = {Jokkmokk},
	Author = {Olavi Korhonen},
	Date-Added = {2011-04-28 17:03:37 +0200},
	Date-Modified = {2012-12-09 21:10:05 +0000},
	Keywords = {Lule Saami; dictionary; Saami linguistics},
	Language = {Swedish, Lule Saami},
	Publisher = {Samernas utbildningscentrum},
	Title = {B{\'a}hkogirjje: julevs{\'a}mes d{\'a}rruj, d{\'a}ros julevs{\'a}bm{\'a}j},
	Year = {2005}}

@book{Korhonen1967,
	Author = {Mikko Korhonen},
	Date-Added = {2011-04-14 14:03:49 +0200},
	Date-Modified = {2011-04-14 14:05:18 +0200},
	Keywords = {Saami linguistics},
	Language = {German},
	Number = {143},
	Publisher = {Suomalais-Ugrilainen Seura},
	Title = {Die Konjugation im lappischen I: Morphologisch-historische untersuchung, I. Die finiten formkategorien},
	Year = {1967}}

@book{Korhonen1974,
	Author = {Mikko Korhonen},
	Date-Added = {2011-04-14 13:58:41 +0200},
	Date-Modified = {2011-04-14 14:03:35 +0200},
	Keywords = {Saami linguistics},
	Language = {German},
	Number = {155},
	Publisher = {Suomalais-Ugrilainen Seura},
	Title = {Die Konjugation im Lappischen II: morphologisch-historische Untersuchung. Die nominalen Formkatergorien 2},
	Year = {1974}}

@incollection{AustinGrenoble2007,
	Address = {London},
	Author = {Peter K. Austin AND Lenore A. Grenoble},
	Booktitle = {Language Documentation and Description},
	Date-Added = {2011-01-16 23:52:50 +0100},
	Date-Modified = {2011-01-16 23:52:50 +0100},
	Editor = {Peter K. Austin},
	Keywords = {documentary linguistics},
	Language = {English},
	Pages = {12-25},
	Publisher = {Hans Rausing Endangered Languages Project},
	Title = {Current trends in language documentation},
	Volume = {4},
	Year = {2007}}

@incollection{NathanAustin2004,
	Address = {London},
	Author = {David Nathan AND Peter K. Austin},
	Booktitle = {Language Documentation and Description},
	Date-Added = {2011-01-16 23:37:50 +0100},
	Date-Modified = {2011-01-16 23:54:41 +0100},
	Editor = {Peter K. Austin},
	Keywords = {documentary linguistics},
	Language = {English},
	Pages = {179-187},
	Publisher = {Hans Rausing Endangered Languages Project},
	Title = {Reconceiving metadata: language documentation through thick and thin},
	Volume = {2},
	Year = {2004}}

@incollection{Kulonen2005,
	Author = {Ulla-Maija Kulonen},
	Booktitle = {The Saami: A Cultural Encyclopaedia},
	Crossref = {KulonenEtAl2005},
	Date-Added = {2010-09-14 19:52:29 +0200},
	Date-Modified = {2012-12-22 19:01:56 +0000},
	Keywords = {Saami},
	Language = {English},
	Pages = {272-273},
	Title = {Pite Saami Language}}

@incollection{KorhonenO2005c???,
	Author = {Olavi Korhonen},
	Booktitle = {The Saami: A cultural encyclopedia},
	Crossref = {KulonenEtAl2005},
	Date-Added = {2010-09-14 19:50:15 +0200},
	Date-Modified = {2012-12-22 19:03:52 +0000},
	Keywords = {Saami},
	Language = {English},
	Pages = {421-422},
	Title = {Ume Saami Language}}

@incollection{Svonni2006,
	Address = {Ume{\aa}},
	Author = {Mikael Svonni},
	Booktitle = {S{\'a}pmi Y1K -- Livet i samernas bos{\"a}ttningsomr{\aa}de f{\"o}r ett tusen {\aa}r sedan},
	Date-Added = {2010-09-14 19:45:32 +0200},
	Date-Modified = {2010-09-14 19:49:43 +0200},
	Editor = {Andrea Amft; Mikael Svonni},
	Keywords = {Ume Saami},
	Language = {Swedish},
	Pages = {151-170},
	Publisher = {Ume{\aa} universtitet},
	Title = {Umesamiskan - Det g{\aa}tfulla spr{\aa}ket},
	Year = {2006}}

@book{BullEtal2007,
	Address = {Berlin},
	Date-Added = {2010-08-31 10:29:15 +0200},
	Date-Modified = {2012-02-13 15:28:30 +0000},
	Editor = {Tove Bull and Jurij Kusmenko and Michael Rie{\ss}ler},
	Keywords = {Saami; documentary linguistics},
	Language = {Norwegian; English; Swedish},
	Number = {10},
	Publisher = {Humboldt-Universit{\"a}t},
	Series = {Berliner Beitr{\"a}ge zur Skandinavistik},
	Title = {Spr{\aa}k og spr{\aa}kforhold i S{\'a}pmi},
	Year = {2007}}

@conference{Larsson1985a,
	Author = {Lars-Gunnar Larsson},
	Booktitle = {Kungl. Humanistiska Vetenskaps-Samfundet i Uppsala},
	Date-Added = {2010-08-27 12:41:57 +0200},
	Date-Modified = {2010-08-27 12:43:37 +0200},
	Keywords = {Saami dialects},
	Language = {Swedish},
	Pages = {106-122},
	Title = {Nordligt i s{\"o}der och sydligt i norr. N{\aa}got om samisk dialektforskning},
	Year = {1985}}

@conference{Larsson1985b,
	Address = {Wiesbaden},
	Author = {Lars-Gunnar Larsson},
	Booktitle = {Dialectologia Uralica. Materialien des ersten internationalen Symposions zur Dialektologie der uralischen Sprachen; . 4-7 September 1984 in Hamburg},
	Crossref = {Veenker1985},
	Date-Added = {2010-08-27 12:18:03 +0200},
	Date-Modified = {2013-01-08 12:54:38 +0000},
	Editor = {W. Veenker},
	Keywords = {Pite; Saami dialects},
	Language = {German},
	Pages = {159-171},
	Title = {Kriterien zur Klassifikazion der lappischen Dialekte in Schweden},
	Year = {1985}}

@book{Kleinhenz1996,
	Date-Added = {2010-07-23 14:54:34 +0200},
	Date-Modified = {2010-07-23 14:55:27 +0200},
	Editor = {Ursula Kleinhenz},
	Keywords = {phonological word; phonology},
	Language = {English},
	Publisher = {Mouton de Gruyter},
	Title = {Interfaces in phonology},
	Year = {1996}}

@article{Klavans1985,
	Author = {Judith L. Klavans},
	Date-Added = {2010-07-23 14:53:16 +0200},
	Date-Modified = {2010-07-23 14:54:09 +0200},
	Journal = {Language},
	Keywords = {phonological word},
	Language = {English},
	Pages = {95-120},
	Title = {The independence of syntax and phonology in cliticization},
	Volume = {61},
	Year = {1985}}

@periodical{HallEtAl2008,
	Date-Added = {2010-07-23 14:44:46 +0200},
	Date-Modified = {2010-07-23 14:58:35 +0200},
	Editor = {Tracy Alan Hall and Kristine Hildebrandt and Balthasar Bickel},
	Journal = {Linguistics},
	Keywords = {phonological word},
	Language = {English},
	Publisher = {?},
	Title = {Theory and typology of the word},
	Volume = {46},
	Year = {2008}}

@article{Hildebrandt2006,
	Author = {Kristine Hildebrandt},
	Date-Added = {2010-07-23 14:42:49 +0200},
	Date-Modified = {2010-07-23 14:44:19 +0200},
	Journal = {linguistische Berichte},
	Keywords = {phonological word},
	Language = {English},
	Pages = {??},
	Title = {Review of "Dixon, Aikhenvald (2002) Word: A Cross-Linguistic Typology"},
	Volume = {205},
	Year = {2006}}

@article{HallEtAlIntro2008,
	Author = {Tracy Alan Hall and Kristine Hildebrandt and Balthasar Bickel},
	Date-Added = {2010-07-23 14:40:45 +0200},
	Date-Modified = {2010-07-23 15:00:11 +0200},
	Journal = {Linguistics},
	Keywords = {phonological word},
	Language = {English},
	Pages = {183-192},
	Title = {Introduction: theory and typology of the word},
	Volume = {46},
	Year = {2008}}

@book{HallEtAl1999,
	Address = {Amsterdam},
	Date-Added = {2010-07-23 14:37:49 +0200},
	Date-Modified = {2010-07-23 14:58:22 +0200},
	Editor = {Tracy Alan Hall and Ursula Kleinhenz},
	Keywords = {phonological word},
	Language = {English},
	Publisher = {Benjamins},
	Series = {Current Issues in Linguistic Theory},
	Title = {Studies on the phonological word},
	Volume = {174},
	Year = {1999}}

@incollection{Gerdts1998,
	Address = {Oxford},
	Author = {Donna B. Gerdts},
	Booktitle = {The handbook of morphology},
	Date-Added = {2010-07-23 14:35:01 +0200},
	Date-Modified = {2010-07-23 14:36:30 +0200},
	Editor = {Andrew Spencer and Arnold M. Zwicky},
	Keywords = {morphology},
	Language = {English},
	Pages = {84-100},
	Publisher = {Blackwell},
	Title = {Incorporation},
	Year = {1998}}

@book{DixonAikhBook2002,
	Author = {R. M. W. Dixon and A. Aikhenvald},
	Date-Added = {2010-07-23 14:32:40 +0200},
	Date-Modified = {2010-07-23 14:34:08 +0200},
	Keywords = {phonological word},
	Language = {English},
	Publisher = {Cambridge University Press},
	Title = {Word: a cross-linguistic typology},
	Year = {2002}}

@incollection{BickelEtAl2009,
	Author = {Balthasar Bickel and Kristine Hildebrandt and Ren{\'e} Schiering},
	Booktitle = {Phonological Domains: Universals and Deviations},
	Crossref = {GrijyenhoutKabak2009},
	Date-Added = {2010-07-23 14:29:09 +0200},
	Date-Modified = {2013-02-05 12:27:52 +0000},
	Keywords = {phonological word},
	Language = {English},
	Pages = {47-75},
	Title = {The distribution of phonological word domains: a probabilistic typology}}

@book{LangDocDes6,
	Address = {London},
	Date-Added = {2010-07-23 14:13:13 +0200},
	Date-Modified = {2011-11-23 20:36:16 +0000},
	Editor = {Peter K. Austin},
	Keywords = {documentary linguistics},
	Language = {English},
	Publisher = {SOAS, University of London},
	Series = {Language Documentation and Description},
	Title = {Language Documentation and Description},
	Volume = {6},
	Year = {2009}}

@book{LangDocDes5,
	Address = {London},
	Date-Added = {2010-07-23 14:12:33 +0200},
	Date-Modified = {2011-11-23 20:36:22 +0000},
	Editor = {Peter K. Austin},
	Keywords = {documentary linguistics},
	Language = {English},
	Publisher = {SOAS, University of London},
	Series = {Language Documentation and Description},
	Title = {Language Documentation and Description},
	Volume = {5},
	Year = {2008}}

@book{qvigstad1929,
	Address = {Oslo},
	Annote = {supposedly has a Pite Saami text in it},
	Author = {J. K. Qvigstad},
	Date-Added = {2010-07-19 15:14:09 +0200},
	Date-Modified = {2010-07-19 15:15:24 +0200},
	Keywords = {Saami},
	Language = {Norwegian},
	Publisher = {Instituttet for sammenlignende kulturforskning},
	Title = {Lappiske eventyr og sagn IV},
	Volume = {IV},
	Year = {1929}}

@book{wiklund1921,
	Address = {V{\"a}sterbotten},
	Author = {K. B. Wiklund},
	Date-Added = {2010-07-19 15:11:28 +0200},
	Date-Modified = {2010-07-19 15:12:15 +0200},
	Keywords = {Saami},
	Language = {Swedish},
	Publisher = {Eripainos},
	Title = {Lapparna},
	Year = {1921}}

@book{wiklund1915,
	Author = {K. B. Wiklund},
	Date-Added = {2010-07-19 15:10:09 +0200},
	Date-Modified = {2010-07-19 15:12:32 +0200},
	Keywords = {Saami; teaching materials},
	Language = {Swedish},
	Publisher = {A.-B. Akademiska bokhandeln},
	Title = {L{\"a}robok i det lapska spr{\aa}ket},
	Year = {1915}}

@book{wiklund1914,
	Address = {Uppsala},
	Author = {K. B. Wiklund},
	Date-Added = {2010-07-19 14:55:13 +0200},
	Date-Modified = {2010-07-19 15:12:45 +0200},
	Keywords = {Saami; consonant gradation},
	Language = {German},
	Series = {Le Monde Oriental},
	Title = {Stufenwechselstudien},
	Volume = {7},
	Year = {1914}}

@book{Haspelmath2002,
	Author = {Martin Haspelmath},
	Date-Added = {2010-02-24 16:46:40 +0100},
	Date-Modified = {2010-02-24 16:47:57 +0100},
	Keywords = {general linguistics; morphology},
	Language = {English},
	Publisher = {Arnold},
	Title = {Understanding Morphology},
	Year = {2002}}

@book{bowern2008,
	Address = {Hampshire},
	Author = {Claire Bowern},
	Date-Added = {2010-01-26 16:37:04 +0100},
	Date-Modified = {2010-02-19 11:51:50 +0100},
	Keywords = {documentary linguistics; general linguistics},
	Language = {English},
	Publisher = {Palgrave MacMillan},
	Title = {Linguistic Field Work: A Practical Guide},
	Year = {2008}}

@incollection{Austin2006,
	Address = {Berlin},
	Author = {Peter K. Austin},
	Booktitle = {Essentials of Language Documentation},
	Crossref = {Gippert2006},
	Date-Added = {2009-12-09 15:10:44 +0100},
	Date-Modified = {2013-01-08 13:05:43 +0000},
	Editor = {Jost Gippert AND Ulrike Mosel AND Nikolaus Himmelmann},
	Keywords = {documentary linguistics},
	Language = {English},
	Pages = {87-112},
	Publisher = {Mouton de Gruyter},
	Title = {Data and language documentation},
	Year = {2006}}

@incollection{Himmelmann2006a,
	Address = {Berlin},
	Author = {Nikolaus Himmelmann},
	Booktitle = {Essentials of Language Documentation},
	Crossref = {Gippert2006},
	Date-Added = {2009-11-25 10:29:59 +0100},
	Date-Modified = {2013-01-08 13:05:56 +0000},
	Editor = {Jost Gippert AND Ulrike Mosel AND Nikolaus Himmelmann},
	Keywords = {documentary linguistics},
	Language = {English},
	Pages = {1-30},
	Publisher = {Mouton de Gruyter},
	Title = {Language documentation: What is it and what is it good for?},
	Year = {2006}}

@incollection{Sarv????,
	Author = {Marju Sarv},
	Booktitle = {CIFU?},
	Date-Added = {2009-10-25 18:28:07 +0100},
	Date-Modified = {2009-10-25 18:30:41 +0100},
	Editor = {?},
	Keywords = {Saami; adjective morphosyntax; Kola Saami},
	Language = {English},
	Pages = {150-157},
	Publisher = {?},
	Title = {Predicative and attributive forms of adjectives in Kola and Skolt Sami dialects},
	Volume = {IX pars V?},
	Year = {????}}

@incollection{Riessler2006,
	Author = {Michael Rie{\ss}ler},
	Booktitle = {S{\'a}pmi Y1K. Livet i samernas bos{\"a}ttningsomr{\aa}de f{\"o}r ett tusen {\aa}r sedan},
	Date-Added = {2009-10-01 20:58:56 +0200},
	Date-Modified = {2012-08-24 14:49:50 +0000},
	Editor = {Andrea Amft and Mikael Svonni},
	Keywords = {Saami linguistics and Morphology},
	Language = {Swedish},
	Pages = {135-150},
	Publisher = {Ume{\aa} universtitet},
	Series = {S{\'a}mi dutkan},
	Title = {Om samiskans attributiva adjektivform},
	Volume = {3},
	Year = {2006}}

@book{Nielsen1979,
	Address = {Oslo},
	Author = {Konrad Nielsen},
	Date-Added = {2009-10-01 09:41:34 +0200},
	Date-Modified = {2009-10-01 09:46:34 +0200},
	Keywords = {North Saami},
	Language = {Norwegian; North Saami},
	Publisher = {Oslo Universitetsforl.},
	Title = {Laerobok i lappisk (samisk): utarbeidet p{\aa} grunnlag av dialektene i Polmak, Karasjok og Kautokeino : grammatikk, tekster og glossar},
	Volume = {1: Grammatikk : lydl{\ae}re, forml{\ae}re, orddannelsesl{\ae}re og syntaks samt tillegg},
	Year = {1979}}

@book{Halasz1896,
	Address = {Budapest},
	Author = {Ign{\'a}cz Hal{\'a}sz},
	Date-Added = {2009-09-14 10:38:48 +0200},
	Date-Modified = {2012-09-25 08:53:14 +0000},
	Digital = {no},
	Keywords = {Pite},
	Language = {Hungarian},
	Note = {Title: W{\"o}rterbuch und Sprachlehre der Pite Lappmark: mit kurzem karesuando-lapp(l{\"a}nd?)ischem Glossar/ Stichwortverzeichnis; Series: Schwedischlappische Sprache},
	Publisher = {Kiadja a Magyar tudom{\'a}nyos akad{\'e}mia},
	Series = {Sv{\'e}d-Lapp Nyelv},
	Title = {Pite lappmarki sz{\'o}t{\'a}r {\'e}s nyelvtan},
	Volume = {VI},
	Year = {1896}}

@book{Halasz1885,
	Address = {Budapest},
	Author = {Ign{\'a}cz Hal{\'a}sz},
	Date-Added = {2009-09-14 10:33:13 +0200},
	Date-Modified = {2013-01-08 13:16:06 +0000},
	Digital = {yes (scanned)},
	Keywords = {Pite; Lule Saami},
	Language = {Hungarian},
	Note = {Title: Sprachbeispiele und W{\"o}rterbuch der Lule- und Pite-Lappmark(en); Series: Schwedischlappische Texte},
	Publisher = {Kiadja a Magyar tudom{\'a}nyos akad{\'e}mia},
	Series = {Sv{\'e}d-Lapp Nyeiv.},
	Title = {Lule- {\'e}s Pite-lappmarki nyelvmutatv{\'e}anyok {\'e}s sz{\'o}t{\'a}r},
	Volume = {I},
	Year = {1885}}

@book{Grundstrom1939,
	Address = {Uppsala},
	Annote = {not found online for purchase, only in libraries (incl. Ume{\aa} univ.)
wordlist based on (Lule Saami) book _J{\aa}htte saamee viessom_ (Lule Saami life) by Anta Pirak (1937)

utarbetad av H. Grundstr{\"o}m
{\"o}versatt till tyska av W. Schlachter
skrifter utgivna av K. humanistiska vetenskaps-samfundet i Uppsala 31:a},
	Author = {Harald Grundstr{\"o}m},
	Date-Added = {2009-09-08 10:34:22 +0200},
	Date-Modified = {2009-09-08 10:45:30 +0200},
	Keywords = {Lule Saami, dictionary},
	Language = {Lule Saami, Swedish, German},
	Publisher = {Kungliga humanistiska vetenskapssamfundet i Uppsala},
	Read = {No},
	Title = {Lapsk-svensk-tysk ordbok till Anta Pirak J{\aa}htte saamee viessom},
	Translator = {Wolfgang Schlachter},
	Volume = {31},
	Year = {1939}}

@book{SammallahtiNickel2006,
	Address = {Karasjok},
	Author = {Pekka Sammallahti; Klaus Peter Nickel},
	Date-Added = {2009-09-07 21:57:45 +0200},
	Date-Modified = {2009-09-07 22:02:08 +0200},
	Keywords = {North Saami; dictionary},
	Language = {German; North Saami},
	Publisher = {Davvi Girji},
	Title = {Saamisch-deutsches W{\"o}rterbuch: S{\'a}mi-Duiskka S{\'a}tnegirji},
	Year = {2006}}

@book{Ylikoski2009,
	Annote = {get this book!},
	Author = {Jussi Ylikoski},
	Date-Added = {2009-08-01 14:53:38 +0200},
	Date-Modified = {2011-04-14 14:17:59 +0200},
	Keywords = {Saami linguistics},
	Language = {English},
	Title = {Non-finites in North Saami},
	Year = {2009}}

@article{BirdSimons2003,
	Author = {Steven Bird and Gary Simons},
	Date-Added = {2009-06-14 18:10:47 +0200},
	Date-Modified = {2011-03-07 18:13:10 +0100},
	Journal = {Language},
	Keywords = {documentary linguistics},
	Language = {English},
	Number = {3},
	Pages = {557-582},
	Title = {Seven Dimensions of Portability for Language Documentation and Description},
	Volume = {79},
	Year = {2003}}

@book{Gippert2006,
	Address = {Berlin},
	Date-Added = {2009-06-14 17:52:21 +0200},
	Date-Modified = {2013-01-08 13:02:57 +0000},
	Editor = {Jost Gippert AND Nikolaus Himmelmann AND Ulrike Mosel},
	Keywords = {documentary linguistics},
	Language = {English},
	Number = {178},
	Publisher = {Mouton de Gruyter},
	Series = {Trends in Linguistics: Studies and Monographs},
	Title = {Essentials of Language Documentation},
	Year = {2006}}

@book{Ruong1943,
	Address = {Uppsala},
	Author = {Israel Ruong},
	Date-Added = {2009-06-14 17:39:29 +0200},
	Date-Modified = {2012-12-22 17:13:06 +0000},
	Keywords = {morphology, Pite},
	Language = {German},
	Publisher = {Almqvist och Wiksell},
	Title = {Lappische Verbalableitung dargestellt auf Grundlage des Pitelappischen},
	Year = {1943}}

@book{AmftEtAl2006,
	Address = {Ume{\aa}},
	Date-Added = {2009-06-14 17:36:46 +0200},
	Date-Modified = {2010-07-23 14:59:33 +0200},
	Editor = {Andrea Amft and Mikael Svonni},
	Keywords = {Saami, ethnography},
	Language = {Swedish, English},
	Publisher = {Ume{\aa} universtitet},
	Series = {S{\'a}mi dutkan},
	Title = {S{\'a}pmi Y1K - Livet i samernas bos{\"a}ttningsomr{\aa}de f{\"o}r ett tusen {\aa}r sedan},
	Volume = {3},
	Year = {2006}}

@book{Schlachter1958,
	Author = {Wolfgang Schlachter},
	Date-Added = {2009-06-14 17:33:46 +0200},
	Date-Modified = {2013-03-24 22:49:47 +0000},
	Keywords = {Ume Saami, dictionary, ethnography},
	Language = {German, Ume Saami},
	Publisher = {Suomalais-Ugrilainen Seura},
	Title = {W{\"o}rterbuch des Waldlappendialekts von Mal{\aa} und Texte zur Ethnographie},
	Year = {1958}}

@book{Lagercrantz1939i,
	Author = {Eliel Lagercrantz},
	Date-Added = {2009-06-14 17:33:00 +0200},
	Date-Modified = {2009-06-14 17:33:19 +0200},
	Keywords = {Saami, dictionary},
	Language = {German, Saami},
	Publisher = {Suomalais-Ugrilainen Seura},
	Title = {Lappischer Wortschatz},
	Volume = {1},
	Year = {1939}}

@book{Lagercrantz1939ii,
	Author = {Eliel Lagercrantz},
	Date-Added = {2009-06-14 17:30:25 +0200},
	Date-Modified = {2009-06-14 17:33:15 +0200},
	Keywords = {Saami, dictionary},
	Language = {German, Saami},
	Publisher = {Suomalais-Ugrilainen Seura},
	Title = {Lappischer Wortschatz},
	Volume = {2},
	Year = {1939}}

@book{LangDocDes4,
	Address = {London},
	Date-Added = {2009-06-14 17:29:27 +0200},
	Date-Modified = {2011-11-23 20:35:57 +0000},
	Editor = {Peter K. Austin},
	Keywords = {documentary linguistics},
	Language = {English},
	Publisher = {SOAS, University of London},
	Series = {Language Documentation and Description},
	Title = {Language Documentation and Description},
	Volume = {4},
	Year = {2007}}

@book{LangDocDes3,
	Address = {London},
	Date-Added = {2009-06-14 17:29:10 +0200},
	Date-Modified = {2011-11-23 20:36:26 +0000},
	Editor = {Peter K. Austin},
	Keywords = {documentary linguistics},
	Language = {English},
	Publisher = {SOAS, University of London},
	Series = {Language Documentation and Description},
	Title = {Language Documentation and Description},
	Volume = {3},
	Year = {2005}}

@book{LangDocDes2,
	Address = {London},
	Date-Added = {2009-06-14 17:28:51 +0200},
	Date-Modified = {2011-11-23 20:36:31 +0000},
	Editor = {Peter K. Austin},
	Keywords = {documentary linguistics},
	Language = {English},
	Publisher = {SOAS, University of London},
	Series = {Language Documentation and Description},
	Title = {Language Documentation and Description},
	Volume = {2},
	Year = {2004}}

@book{LangDocDes1,
	Address = {London},
	Date-Added = {2009-06-14 17:28:04 +0200},
	Date-Modified = {2011-11-23 20:36:03 +0000},
	Editor = {Peter K. Austin},
	Keywords = {documentary linguistics},
	Language = {English},
	Publisher = {SOAS, University of London},
	Series = {Language Documentation and Description},
	Title = {Language Documentation and Description},
	Volume = {1},
	Year = {2003}}

@book{LangDocDes7,
	Address = {London},
	Date-Added = {2009-06-14 17:22:24 +0200},
	Date-Modified = {2011-11-23 20:36:10 +0000},
	Editor = {Peter K. Austin},
	Keywords = {documentary linguistics},
	Language = {English},
	Publisher = {SOAS, University of London},
	Series = {Language Documentation and Description},
	Title = {Language Documentation and Description},
	Volume = {7},
	Year = {2010}}

@book{Halasz1893,
	Address = {Budapest},
	Author = {Ign{\'a}cz Hal{\'a}sz},
	Date-Added = {2009-05-22 17:05:54 +0200},
	Date-Modified = {2013-01-09 12:20:02 +0000},
	Digital = {yes (scanned); also paper (from Peter Steggo)},
	Keywords = {Saami; Pite},
	Language = {Hungarian},
	Note = {Title: Sammlung der Volksdichtung - aus dem Bistum der Pite Lappmark Arjeplog},
	Publisher = {Kiadja a Magyar tudom{\'a}nyos akad{\'e}mia},
	Series = {Sv{\'e}d-Lapp Nyeiv.},
	Title = {N{\'e}pk{\"o}lt{\'e}si gy{\"u}jtem{\'e}ny: a Pite Lappmark Arjepluogi egyh{\'a}zker{\"u}let{\'e}b{\"o}l},
	Volume = {V},
	Year = {1893}}

@book{Payne1997,
	Address = {Cambridge},
	Author = {Thomas E. Payne},
	Date-Added = {2009-05-17 12:39:12 +0200},
	Date-Modified = {2009-05-17 12:42:30 +0200},
	Keywords = {general linguistics},
	Language = {English},
	Publisher = {Cambridge University Press},
	Title = {Describing morphosyntax: A guide for field linguists},
	Year = {1997}}

@book{Lagercrantz1957,
	Author = {Eliel Lagercrantz},
	Date-Added = {2009-05-11 21:33:43 +0200},
	Date-Modified = {2011-04-14 14:18:46 +0200},
	Keywords = {Saami; Pite; South Saami; text collection},
	Language = {German},
	Publisher = {Suomalais-ugrilainen Seura},
	Series = {Suomalais-ugrilaisen Seuran toimituksia},
	Title = {Lappische Volksdichtung},
	Volume = {112},
	Year = {1957}}

@book{Lagercrantz1926,
	Address = {Helsinki},
	Author = {Eliel Lagercrantz},
	Date-Added = {2009-05-11 21:29:19 +0200},
	Date-Modified = {2011-04-14 14:19:01 +0200},
	Keywords = {Saami; Pite; syntax, morphology, phonology},
	Language = {German},
	Publisher = {Suomalais-ugrilainen Seura},
	Series = {Suomalais-ugrilaisen Seuran toimituksia},
	Title = {Sprachlehre des Westlappischen nach der Mundart von Arjeplog},
	Volume = {LV},
	Year = {1926}}

@book{Spiik1989,
	Address = {Jokkmokk},
	Author = {Nils Eric Spiik},
	Date-Added = {2009-05-11 19:02:20 +0200},
	Date-Modified = {2009-05-11 19:06:12 +0200},
	Keywords = {Saami; Lule Saami},
	Language = {Swedish},
	Publisher = {Sameskolstyrelsen},
	Title = {Lulesamisk grammatik},
	Year = {1989}}

@book{Lehtiranta1992,
	Address = {Helsinki},
	Author = {Juhani Lehtiranta},
	Date-Added = {2009-05-07 11:59:54 +0200},
	Date-Modified = {2013-01-08 13:08:52 +0000},
	English_Title = {The fundamentals of Arjeplog Saami (Lappish) Phonology and Inflection},
	Keywords = {Saami, Pite, morphology, phonology},
	Language = {Finnish},
	Number = {212},
	Publisher = {Suomalais-ugrilainen Seura},
	Series = {Suomalais-ugrilaisen Seuran toimituksia},
	Title = {Arjeploginsaamen {\"a}{\"a}nne- ja taivutusopin p{\"a}{\"a}piirteet},
	Year = {1992}}

@webpage{PSDP2009,
	Date-Added = {2009-05-03 11:58:25 +0200},
	Date-Modified = {2009-05-03 12:00:29 +0200},
	Keywords = {Pite},
	Language = {English, Swedish, German},
	Lastchecked = {2009-05-03},
	Month = {May},
	Title = {Pite Saami Documentation Project},
	Url = {www2.hu-berlin.de/psdp},
	Year = {2009},
	Bdsk-Url-1 = {www2.hu-berlin.de/psdp}}

@book{Rensund1986,
	Address = {Lule{\aa}},
	Author = {Lars Rensund},
	Date-Added = {2009-04-28 10:45:45 +0200},
	Date-Modified = {2013-02-22 08:56:53 +0000},
	Keywords = {Saami, culture, Pite},
	Language = {Swedish},
	Publisher = {Norrbottens museum},
	Title = {I samernas land f{\"o}rr i tiden},
	Year = {1986}}

@book{Rensund1982,
	Address = {Lule{\aa}},
	Author = {Lars Rensund},
	Date-Added = {2009-04-28 10:40:04 +0200},
	Date-Modified = {2009-04-28 10:55:04 +0200},
	Keywords = {Saami, culture, Pite},
	Language = {Swedish},
	Publisher = {Norrbottens museum},
	Title = {Renen i mitten},
	Year = {1982}}

@incollection{RiesslerWilbur2007,
	Address = {Berlin},
	Author = {Michael Rie{\ss}ler and Joshua Wilbur},
	Booktitle = {Spr{\aa}k og spr{\aa}kforhold i S{\'a}pmi},
	Date-Added = {2008-10-05 19:34:40 +0200},
	Date-Modified = {2010-01-15 11:28:37 +0100},
	Editor = {Tove Bull and Jurij Kusmenko and Michael Rie{\ss}ler},
	Keywords = {Saami; documentary linguistics},
	Language = {English},
	Number = {10},
	Pages = {39-82},
	Publisher = {Humboldt-Universit{\"a}t},
	Series = {Berliner Beitr{\"a}ge zur Skandinavistik},
	Title = {Documenting the Endangered Kola Saami languages},
	Year = {2007}}

@book{Svonni1990,
	Author = {Mikael Svonni},
	Date-Added = {2008-10-02 19:43:30 +0200},
	Date-Modified = {2008-10-02 19:44:24 +0200},
	Keywords = {Saami; dictionary},
	Language = {Swedish; North Saami},
	Publisher = {S{\'a}mi Girjjit},
	Title = {Samisk-svensk, svensk-samisk Ordbok},
	Year = {1990}}

@book{Stadnik2002,
	Address = {T{\"u}bingen},
	Author = {Elena Stadnik},
	Date-Added = {2008-10-02 19:42:37 +0200},
	Date-Modified = {2008-10-02 19:43:24 +0200},
	Keywords = {palatalization; typology},
	Language = {English},
	Publisher = {Gunter Narr Verlag},
	Title = {Die Palatalisierung in den Sprachen Europas und Asiens: eine areal-typologische Untersuchung},
	Year = {2002}}

@book{Selkirk1984,
	Author = {Elisabeth O. Selkirk},
	Date-Added = {2008-10-02 19:41:41 +0200},
	Date-Modified = {2014-02-26 21:05:16 +0000},
	Keywords = {phonology; syntax},
	Language = {English},
	Publisher = {MIT Press},
	Title = {Phonology and syntax: The relation between sound and structure},
	Year = {1984}}

@incollection{SchieringEtAl,
	Author = {Ren{\'e} Schiering Schiering and Kristine Hildebrandt and Balthasar Bickel},
	Date-Added = {2008-10-02 19:40:13 +0200},
	Date-Modified = {2010-07-23 15:01:31 +0200},
	Keywords = {prosody; phonology},
	Language = {English},
	Title = {Cross-linguistic Challenges for the Prosodic Hierarchy: Evidence from Word Domains}}

@incollection{Scheller2006,
	Author = {Elisabeth Scheller},
	Booktitle = {Festschrift zum 65. Geburtstag von Jurij Kusmenko},
	Date-Added = {2008-10-02 19:38:28 +0200},
	Date-Modified = {2008-10-05 19:23:47 +0200},
	Editor = {Antje Hornscheidt and Kristina Kotcheva and Tomas Milosch and Michael Rie{\ss}ler},
	Keywords = {Saami; sociolinguistics},
	Language = {German},
	Pages = {280-290},
	Publisher = {Nordeuropa Institut der Humboldt Universit{\"a}t},
	Title = {Die Sprachsituation der Saami in Russland},
	Year = {2006}}

@book{Sammallahti1998,
	Address = {K{\'a}r{\'a}{\v s}johka},
	Author = {Pekka Sammallahti},
	Date-Added = {2008-10-02 19:37:36 +0200},
	Date-Modified = {2008-10-02 19:38:22 +0200},
	Keywords = {Saami},
	Language = {English},
	Publisher = {Davvi Girji},
	Title = {The Saami Languages: An Introduction},
	Year = {1998}}

@incollection{Riessler2007,
	Address = {Berlin},
	Author = {Michael Rie{\ss}ler},
	Booktitle = {Grammatical Borrowing in Cross-Linguistic Perspective},
	Date-Added = {2008-10-02 19:35:29 +0200},
	Date-Modified = {2012-04-05 21:10:14 +0000},
	Editor = {Yaron Matras and Jeanette Sakel},
	Keywords = {Saami},
	Language = {English},
	Pages = {229-244},
	Publisher = {Mouton de Gruyter},
	Title = {Grammatical Borrowing in Kildin Saami},
	Year = {2007}}

@book{Peperkamp1997,
	Author = {Sharon Andrea Peperkamp},
	Date-Added = {2008-10-02 19:34:21 +0200},
	Date-Modified = {2009-05-17 12:42:52 +0200},
	Keywords = {general linguistics; phonology; prosody},
	Language = {English},
	Publisher = {Universiteit van Amsterdam},
	Title = {Prosodic Words},
	Year = {1997}}

@book{Onions1966,
	Address = {Oxford},
	Author = {C. T. Onions},
	Date-Added = {2008-10-02 19:33:30 +0200},
	Date-Modified = {2008-10-02 19:34:15 +0200},
	Keywords = {dictionary; etymology},
	Language = {English},
	Publisher = {Clarendon Press},
	Title = {Oxford Dictionary of English Etymology},
	Year = {1966}}

@book{Nickel1994,
	Address = {Karasjok},
	Author = {Klaus Peter Nickel},
	Date-Added = {2008-10-02 19:32:23 +0200},
	Date-Modified = {2009-09-07 22:02:51 +0200},
	Keywords = {Saami},
	Language = {Norwegian},
	Publisher = {Girji},
	Title = {Samisk Grammatikk},
	Year = {1994}}

@book{NesporVogel1986,
	Address = {Dordrecht},
	Author = {Marina Nespor and Irene Vogel},
	Date-Added = {2008-10-02 19:31:12 +0200},
	Date-Modified = {2009-05-17 12:42:47 +0200},
	Keywords = {general linguistics; phonology},
	Language = {English},
	Publisher = {Foris Publishers},
	Title = {Prosodic phonology},
	Year = {1986}}

@book{McRobbie1999,
	Address = {Bloomington, Indiana},
	Author = {Zita McRobbie-Utasi},
	Date-Added = {2008-10-02 19:30:04 +0200},
	Date-Modified = {2008-10-02 19:31:05 +0200},
	Keywords = {Saami, phonetics},
	Language = {English},
	Publisher = {Indiana University},
	Title = {Quantity in the Skolt (Lappish) Saami Language: An Acoustic Analysis},
	Year = {1999}}

@article{LibermanPrince1977,
	Author = {M. Liberman and A. Prince},
	Date-Added = {2008-10-02 19:28:55 +0200},
	Date-Modified = {2008-10-05 19:23:13 +0200},
	Journal = {Linguistic Inquiry},
	Keywords = {phonology; prosody},
	Language = {English},
	Pages = {249-336},
	Title = {On Stress and Linguistic Rhythm},
	Volume = {8},
	Year = {1977}}

@book{Liberman1975,
	Address = {New York},
	Author = {M. Liberman},
	Date-Added = {2008-10-02 19:27:53 +0200},
	Date-Modified = {2008-10-02 19:28:47 +0200},
	Keywords = {stress},
	Language = {English},
	Publisher = {Garland Press},
	Title = {The Intonation System of English},
	Year = {1975}}

@book{Lehtiranta1989OLD,
	Address = {Helsinki},
	Author = {Juhani Lehtiranta},
	Date-Added = {2008-10-02 19:26:48 +0200},
	Date-Modified = {2012-12-06 16:32:15 +0000},
	Keywords = {Saami},
	Language = {Finnish},
	Publisher = {Suomalais-Ugrilainen Seura},
	Title = {Yhteissaamelainen sanasto},
	Year = {1989}}

@book{Ladefoged2005,
	Address = {Oxford},
	Author = {Peter Ladefoged},
	Date-Added = {2008-10-02 19:25:32 +0200},
	Date-Modified = {2009-05-17 12:42:43 +0200},
	Edition = {2nd},
	Keywords = {general linguistics; phonetics},
	Language = {English},
	Publisher = {Blackwell Publishing},
	Title = {Vowels and Consonants: An Introduction to the Sounds of Languages},
	Year = {2005}}

@book{Ladefoged2003,
	Address = {Oxford},
	Author = {Peter Ladefoged},
	Date-Added = {2008-10-02 19:24:33 +0200},
	Date-Modified = {2008-10-02 19:25:26 +0200},
	Keywords = {phonetics},
	Language = {English},
	Publisher = {Blackwell Publishing},
	Title = {Phonetic Data Analysis: An Introduction to Fieldwork and Instrumental Techniques},
	Year = {2003}}

@book{Ladefoged1975,
	Address = {New York},
	Author = {Peter Ladefoged},
	Date-Added = {2008-10-02 19:23:37 +0200},
	Date-Modified = {2008-10-06 11:48:23 +0200},
	Keywords = {general linguistics; phonetics},
	Language = {English},
	Publisher = {Harcourt Brace Jovanovich, Inc.},
	Title = {A Course in Phonetics},
	Year = {1975}}

@book{KurucEtAl1985,
	Address = {Moscow},
	Author = {Rimma Dmitrievna Kuru{\v c} and Nina Jeliseevna Afanasyeva and Ekatarina Ivanovna Me{\v c}kina},
	Date-Added = {2008-10-02 19:22:04 +0200},
	Date-Modified = {2008-10-05 19:17:46 +0200},
	Keywords = {Saami, dictionary},
	Language = {Russian, Kildin Saami},
	Publisher = {Russkij Jazyk},
	Title = {Saamsko-russkij Slovarj},
	Year = {1985}}

@webpage{KSDP2007,
	Date-Added = {2008-10-02 19:18:23 +0200},
	Date-Modified = {2008-10-07 10:33:53 +0200},
	Keywords = {Saami},
	Language = {English},
	Lastchecked = {07.Oct.2008},
	Title = {Kola-Saami Documentation Project (KSDP): Linguistic and ethnographic documentation of the endangered Kola-Saami languages},
	Url = {http://www2.hu-berlin.de/ksdp/EN/project.html},
	Year = {2008},
	Bdsk-Url-1 = {http://www2.hu-berlin.de/ksdp/EN/project.html}}

@incollection{KorhonenM1984,
	Author = {Mikko Korhonen},
	Booktitle = {Studien zur phonologischen Beschreibung uratischer Sprachen},
	Date-Added = {2008-10-02 19:15:41 +0200},
	Date-Modified = {2008-10-05 19:22:22 +0200},
	Editor = {Peter Hajd{\'u} and L{\'a}szl{\'o} Hontilen},
	Keywords = {Saami, phonology},
	Language = {German},
	Pages = {311-325},
	Publisher = {Akad. Kiad{\'o}},
	Title = {Zur zentralen Problematik der terlappischen Phonologie},
	Year = {1984}}

@incollection{KorhonenM1975,
	Address = {Berlin},
	Author = {Mikko Korhonen},
	Booktitle = {Phonologische Analyse der uralischen Sprachen},
	Date-Added = {2008-10-02 19:14:17 +0200},
	Date-Modified = {2008-10-02 19:18:12 +0200},
	Keywords = {Saami, phonology},
	Language = {German},
	Pages = {11-34},
	Publisher = {Akademie der Wissenschaften},
	Series = {Linguistische Studien. Akademie der Wissenschaften der DDR. Zentralinstitut f{\"u}r Sprachwissenschaft 22},
	Title = {Zur Phonologie des Skoltlappischen},
	Year = {1975}}

@incollection{Kert2005,
	Author = {G. M. Kert},
	Booktitle = {The Languages of Russia and Adjacent States},
	Date-Added = {2008-10-02 19:12:43 +0200},
	Date-Modified = {2008-10-02 19:14:02 +0200},
	Keywords = {Saami},
	Language = {Russian},
	Publisher = {Nauka},
	Title = {Saamskij Jazyk},
	Volume = {III},
	Year = {2005}}

@incollection{Kert1994,
	Address = {Petrozavodsk},
	Author = {G. M. Kert},
	Booktitle = {Pribaltijsko-finskoe jazykoznanie},
	Date-Added = {2008-10-02 19:10:17 +0200},
	Date-Modified = {2008-10-02 19:17:38 +0200},
	Editor = {P. M. Zajkov},
	Keywords = {Saami, language contact},
	Language = {Russian},
	Pages = {99-116},
	Publisher = {Rossijskaja Akademija Nauk},
	Title = {Saamsko-russkie jazykovye kontakty},
	Year = {1984}}

@book{Kert1986,
	Address = {Leningrad},
	Author = {G. M. Kert},
	Date-Added = {2008-10-02 19:09:08 +0200},
	Date-Modified = {2008-10-02 19:10:10 +0200},
	Keywords = {Saami, dictionary},
	Language = {Russian, Kildin Saami},
	Publisher = {Prosve{\v s}{\v c}enie},
	Title = {Slovarj saamsko-russkij i russko-saamskij},
	Year = {1986}}

@incollection{Kert1975,
	Address = {Moscow},
	Author = {G. M. Kert},
	Booktitle = {Osnovyfinno-Ugorskogo Jazykodznanija},
	Date-Added = {2008-10-02 19:07:07 +0200},
	Date-Modified = {2008-10-05 19:22:01 +0200},
	Editor = {V. I.Lytikin and K. E. Majtinskaja and K. Redij},
	Keywords = {Saami},
	Language = {Russian},
	Pages = {203-247},
	Publisher = {Nauka},
	Title = {Saamskij Jazyk},
	Year = {1975}}

@book{Kert1971,
	Address = {Leningrad},
	Author = {G. M. Kert},
	Date-Added = {2008-10-02 19:05:31 +0200},
	Date-Modified = {2008-10-02 19:06:55 +0200},
	Keywords = {Saami},
	Language = {Russian},
	Publisher = {Nauka},
	Title = {Saamskij Jazyk (kildinskij dialekt): Fonetika, Morfologija, Sintaksis},
	Year = {1971}}

@incollection{Kert1964,
	Address = {Moscow},
	Author = {G. M. Kert},
	Booktitle = {Voprosy Finno-Ugorskogo Jazykoznanija: Grammatika i Leksikologija},
	Date-Added = {2008-10-02 19:03:50 +0200},
	Date-Modified = {2008-10-02 19:12:12 +0200},
	Keywords = {Saami},
	Language = {Russian},
	Pages = {44-50},
	Publisher = {Nauka},
	Title = {Dolgota Soglasnyx i Glasnyx Zvukov v Kiljdinskom Dialekte Saamskogo Jazyka},
	Year = {1964}}

@book{ItkonenT1916,
	Address = {Helsinki},
	Author = {Toivo Itkonen},
	Date-Added = {2008-10-02 19:02:46 +0200},
	Date-Modified = {2008-10-02 19:03:37 +0200},
	Keywords = {Saami},
	Language = {Finnish},
	Publisher = {Soci{\'e}t{\'e} Finno-Ougrienne},
	Title = {Ven{\"a}j{\"a}nlapin Konsonanttien Astevaihtelu: Koltan, Kildinin ja Turjan Murteiden Mukaan},
	Year = {1916}}

@book{ItkonenT1958,
	Address = {Helsinki},
	Author = {Toivo Itkonen},
	Date-Added = {2008-10-02 19:01:14 +0200},
	Date-Modified = {2008-10-05 19:06:05 +0200},
	Keywords = {Saami, dictionary},
	Language = {Finnish},
	Publisher = {Suomalais-Ugrilainen Seura},
	Title = {W{\"o}rterbuch des Kolta- und Kolalappischen},
	Year = {1958}}

@article{ItkonenE1973,
	Author = {Erkki Itkonen},
	Date-Added = {2008-10-02 18:59:51 +0200},
	Date-Modified = {2008-10-02 19:01:01 +0200},
	Journal = {Journal de la Soci{\'e}t{\'e} Finno-Ougrienne},
	Keywords = {Saami},
	Language = {German},
	Pages = {129-149},
	Title = {Phonetische und phonologische Betrachtung der ostlappischen Dialekte},
	Volume = {72},
	Year = {1973}}

@book{Hyman2003,
	Address = {Standford, California},
	Author = {Larry Hyman},
	Date-Added = {2008-10-02 18:58:54 +0200},
	Date-Modified = {2008-10-02 18:59:46 +0200},
	Keywords = {general linguistics, phonology},
	Language = {English},
	Publisher = {CSLI},
	Title = {A Theory of Phonological Weight},
	Year = {2003}}

@book{Hayes1980,
	Address = {Cambridge, Mass.},
	Author = {Bruce P. Hayes},
	Date-Added = {2008-10-02 18:58:04 +0200},
	Date-Modified = {2008-10-02 18:58:04 +0200},
	Keywords = {general linguistics, phonology},
	Language = {English},
	Publisher = {MIT},
	Title = {A Metrical Theory of Stress Rules},
	Year = {1980}}

@book{Hayes1995,
	Address = {Chicago},
	Author = {Bruce P. Hayes},
	Date-Added = {2008-10-02 18:54:33 +0200},
	Date-Modified = {2008-10-02 18:58:43 +0200},
	Keywords = {general linguistics, phonology},
	Language = {English},
	Publisher = {Univ. of Chicago Press},
	Title = {Metrical Stress Theory},
	Year = {1995}}

@book{Hasselbrink1981,
	Address = {Uppsala},
	Author = {Gustav Hasselbrink},
	Date-Added = {2008-10-02 18:50:32 +0200},
	Date-Modified = {2008-10-02 18:54:32 +0200},
	Keywords = {Saami, dictionary},
	Language = {German},
	Publisher = {Almqwist & Wiksell},
	Series = {Skrifter utgivna genom Landsm{\aa}ls- och Folkminnesarkivet i Uppsala},
	Title = {S{\"u}dlappisches W{\"o}rterbuch},
	Year = {1981}}

@book{Ham2001,
	Address = {London},
	Author = {William H. Ham},
	Date-Added = {2008-10-02 18:49:33 +0200},
	Date-Modified = {2008-10-02 18:50:31 +0200},
	Keywords = {general linguistics, phonology, geminates},
	Language = {English},
	Publisher = {Routledge},
	Title = {Phonetic and Phonological Aspects of Geminate Timing},
	Year = {2001}}

@article{Hall2002,
	Author = {Tracy Alan Hall},
	Date-Added = {2008-10-02 18:48:21 +0200},
	Date-Modified = {2008-10-04 11:39:08 +0200},
	Journal = {The Linguistic Review},
	Keywords = {general linguistics; German linguistics; phonology; syllable},
	Language = {English},
	Pages = {377-420},
	Title = {The distribution of superheavy syllables in Standard German},
	Volume = {19},
	Year = {2002}}

@book{Hall2000,
	Author = {Tracy Alan Hall},
	Date-Added = {2008-10-02 18:47:17 +0200},
	Date-Modified = {2008-10-02 18:48:14 +0200},
	Keywords = {general linguistics, phonology},
	Language = {German},
	Publisher = {Walter de Gruyter},
	Title = {Phonologie: eine Einf{\"u}hrung},
	Year = {2000}}

@book{GussenJacobs1998,
	Address = {London},
	Author = {Carlos Gussenhoven and Haike Jacobs},
	Date-Added = {2008-10-02 18:44:03 +0200},
	Date-Modified = {2010-07-23 14:59:56 +0200},
	Keywords = {general linguistics, phonology},
	Language = {English},
	Publisher = {Arnold},
	Series = {Understanding Language Series},
	Title = {Understanding Phonology},
	Year = {1998}}

@incollection{DixonAikhArticle2002,
	Address = {Cambridge},
	Author = {R. M. W. Dixon and A. Aikhenvald},
	Booktitle = {Word: a cross-linguistic typology},
	Date-Added = {2008-10-02 18:41:16 +0200},
	Date-Modified = {2012-04-05 21:18:00 +0000},
	Editor = {R. M. W. Dixon and A. Aikhenvald},
	Keywords = {general linguistics, phonology, phonological word},
	Language = {English},
	Pages = {1-41},
	Publisher = {Cambridge University Press},
	Title = {Word: a typological framework},
	Year = {2002}}

@book{Cruttenden1997,
	Address = {Cambridge},
	Author = {Alan Cruttenden},
	Date-Added = {2008-10-02 18:39:19 +0200},
	Date-Modified = {2008-10-02 18:40:34 +0200},
	Edition = {2nd},
	Keywords = {general linguistics, phonology, stress},
	Language = {English},
	Publisher = {Cambridge University Press},
	Title = {Intonation},
	Year = {1997}}

@incollection{ChoKing2003,
	Address = {Cambridge},
	Author = {Cho, Y.-M. Yu and King, T. H.},
	Booktitle = {The Syllable in Optimality Theory},
	Date-Added = {2008-10-02 18:35:24 +0200},
	Date-Modified = {2008-10-05 19:20:53 +0200},
	Editor = {Fery, C. and van de Vijver, R.},
	Keywords = {phonology; syllable},
	Language = {English},
	Pages = {183-212},
	Publisher = {Cambridge University Press},
	Title = {Semisyllables and Universal Syllabification},
	Year = {2003}}

@incollection{Blevins1995,
	Address = {Oxford},
	Author = {Juliette Blevins},
	Booktitle = {The Handbook of Phonological Theory},
	Date-Added = {2008-10-02 18:29:44 +0200},
	Date-Modified = {2008-10-04 11:38:58 +0200},
	Editor = {John Goldsmith},
	Keywords = {phonology; syllable; typology},
	Language = {English},
	Pages = {206-244},
	Publisher = {Blackwell},
	Title = {The Syllable in Phonological Theory},
	Year = {1995}}

@article{Korhonen1969,
	Author = {Korhonen, Mikko},
	Date-Added = {2008-07-27 12:18:52 +0200},
	Date-Modified = {2011-04-03 18:15:13 +0200},
	Journal = {Finnisch - Ugrische Forschungen},
	Keywords = {Saami linguistics;Kola Saami;East Saami;Umlaut;Morphology;Phonology},
	Language = {German},
	Number = {2-3},
	Pages = {203-362},
	Title = {Die Entwicklung der morphologischen Methode im Lappischen},
	Volume = {37},
	Year = {1969}}

@book{Engh2007,
	Address = {Munich},
	Author = {Jan Engh},
	Date-Added = {2012-08-07 14:28:07 +0000},
	Date-Modified = {2012-08-08 07:46:18 +0000},
	Keywords = {Norwegian, North-Germanic, history of research, general linguistics},
	Language = {English},
	Number = {6},
	Publisher = {Lincom},
	Series = {Linguistics},
	Title = {Norwegian Examples in International Linguistics Literature: An Inventory of Defective Documentation},
	Year = {2007}}

@incollection{Pulkkinen2005,
	Author = {Risto Pulkkinen},
	Booktitle = {The Saami: A cultural encyclopedia},
	Crossref = {KulonenEtAl2005},
	Date-Added = {2012-12-22 18:00:14 +0000},
	Date-Modified = {2012-12-22 18:59:44 +0000},
	Keywords = {Religion; Saami; History},
	Language = {English},
	Pages = {218-221},
	Title = {Missionary work: history}}

@incollection{KorhonenO2005b???,
	Author = {Korhonen, Olavi},
	Booktitle = {The Saami: A cultural encyclopedia},
	Crossref = {KulonenEtAl2005},
	Date-Added = {2011-07-27 14:35:07 +0200},
	Date-Modified = {2012-12-22 19:03:46 +0000},
	Keywords = {Saami linguistics},
	Language = {English},
	Pages = {272-273},
	Title = {Pite Saami language}}

@book{HaspelmathEtAl2005,
	Address = {Oxford},
	Date-Modified = {2013-01-08 13:56:00 +0000},
	Editor = {Martin Haspelmath and Matthew Dryer and David Gil and Bernard Comrie},
	Keywords = {typology; general linguistics},
	Language = {English},
	Publisher = {Oxford University Press},
	Series = {Oxford linguistics},
	Title = {The World Atlas of Language Structures},
	Year = {2005},
	Bdsk-Url-1 = {http://books.google.nl/books?id=sCRcARRN9nsC}}

@proceedings{Veenker1985,
	Address = {Wiesbaden},
	Date-Added = {2013-01-08 12:51:38 +0000},
	Date-Modified = {2013-07-22 12:37:08 +0000},
	Editor = {W. Veenker},
	Keywords = {dialectology; Uralic linguistics},
	Language = {German},
	Title = {Dialectologia Uralica. Materialien des ersten internationalen Symposions zur Dialektologie der uralischen Sprachen; 4-7 September 1984 in Hamburg},
	Year = {1985}}

@book{ShopenIII2007,
	Address = {Cambridge},
	Date-Added = {2012-07-11 09:40:32 +0000},
	Date-Modified = {2012-07-11 09:43:54 +0000},
	Edition = {2nd},
	Editor = {Timothy Shopen},
	Keywords = {syntax, general linguistics},
	Language = {English},
	Publisher = {Cambridge University Press},
	Series = {Language Typology and Syntactic Description},
	Title = {Grammatical Categories and the Lexicon},
	Volume = {III},
	Year = {2007}}

@book{Brenzinger2007a,
	Address = {Berlin},
	Date-Added = {2012-02-23 11:10:46 +0000},
	Date-Modified = {2012-02-23 11:14:11 +0000},
	Editor = {Matthias Brenzinger},
	Keywords = {language sociology, endangered languages},
	Language = {English},
	Number = {181},
	Publisher = {Mouton de Gruyter},
	Series = {Trends in Linguistics: Studies and Monographs},
	Title = {Language Diversity Endangered},
	Year = {2007}}

@book{HaspelmathTadmor2009,
	Address = {Berlin},
	Date-Added = {2013-01-08 13:13:51 +0000},
	Date-Modified = {2013-01-08 13:14:31 +0000},
	Editor = {Martin Haspelmath and Uri Tadmor},
	Keywords = {loanwords},
	Language = {English},
	Publisher = {Mouton de Gruyter},
	Title = {Loanwords in the World's Languages: A Comparative Handbook},
	Year = {2009}}

@book{KulonenEtAl2005,
	Address = {Vammala},
	Date-Added = {2008-10-02 19:20:13 +0200},
	Date-Modified = {2008-10-05 19:22:39 +0200},
	Editor = {Ulla-Maija Kulonen and Irja Seuruj{\"a}rvi-Kari and Risto Pulkkinen},
	Keywords = {Saami},
	Language = {English},
	Publisher = {Vammalan Kirjapaino Oy},
	Title = {The Saami: A Cultural Encyclopaedia},
	Year = {2005}}

@url{WALS,
	Address = {Munich},
	Date-Added = {2013-01-11 16:31:41 +0000},
	Date-Modified = {2013-01-11 16:33:24 +0000},
	Editor = {Matthew Dryer and Martin Haspelmath},
	Keywords = {typology; general linguistics},
	Language = {English},
	Publisher = {Max Planck Digital Library},
	Title = {The World Atlas of Language Structures Online},
	Urldate = {2013-01-11},
	Bdsk-Url-1 = {http://books.google.nl/books?id=sCRcARRN9nsC}}

@book{GrijyenhoutKabak2009,
	Address = {Berlin},
	Date-Added = {2013-02-05 12:22:14 +0000},
	Date-Modified = {2013-02-05 12:25:56 +0000},
	Editor = {Janet Grijyenhout and Barı{\c s} Kabak},
	Keywords = {phonological word},
	Language = {English},
	Publisher = {Mouton de Gruyter},
	Title = {Phonological Domains: Universals and Deviations},
	Year = {2009}}
